
@TECHREPORT{1990IRIBilitza,
   author = {{Bilitza}, D. and {Rawer}, K. and {Bossy}, L. and {Kutiev}, I. and 
	{Oyama}, K.-I. and {Leitinger}, R. and {Kazimirovsky}, E.},
    title = "{International reference ionosphere 1990}",
booktitle = {Unknown},
     year = 1990,
   editor = {{Bilitza}, D. and {Rawer}, K. and {Bossy}, L. and {Kutiev}, I. and 
	{Oyama}, K.-I. and {Leitinger}, R. and {Kazimirovsky}, E.},
    month = nov,
}


@article{IRIBilitza2010,
year={2011},
issn={0949-7714},
journal={Journal of Geodesy},
volume={85},
number={12},
title="{The international reference ionosphere today and in the future}",
publisher={Springer-Verlag},
author={Bilitza, D. and McKinnell, L. and Reinisch, B. and Fuller-Rowell, T.},
pages={909-920},
language={English}
}




@ARTICLE{Martyn1947,
   author = {{Martyn}, D.~F.},
    title = "{Atmospheric Tides in the Ionosphere. I. Solar Tides in the F$_{2}$ Region}",
  journal = {Royal Society of London Proceedings Series A},
     year = 1947,
    month = apr,
   volume = 189,
    pages = {241-260},
}



@article{spim,
author = {Gulyaeva, T. L.},
title = "{International Standard Model of the Earth's Ionosphere and Plasmasphere}",
journal = {Astronomical and Astrophysical Transactions},
volume = {22},
number = {4-5},
pages = {639-643},
year = {2003},
}

@article{Alizadeh,
year={2011},
journal={Journal of Geodesy},
volume={85},
number={12},
title="{Global Ionosphere Maps of VTEC from GNSS, satellite altimetry, and formosat-3/COSMIC data}",
publisher={Springer-Verlag},
author={Alizadeh, M. M. and Schuh, H. and Todorova, S. and Schmidt, M.},
pages={975-987},
}

@article{cai,
year={2007},
issn={1009-5020},
journal={Geo-spatial Information Science},
volume={10},
number={2},
title="{Monitoring seasonal variations of ionospheric TEC using GPS measurements}",
publisher={Wuhan University},
author={Cai, C.},
pages={96-99},
language={English}
}


@INBOOK{GulyaevaSPIM,
AUTHOR= {Gulyaeva, T. L. and Bilitza, D.}, 
EDITOR= { Larsen, R. J.},
TITLE = "{New Developments in the Standard Model}",
CHAPTER   = {“Towards ISO Standard Earth Ionosphere and Plasmasphere Model”},
PAGES     = {1-39},
PUBLISHER = {NOVA},
YEAR      = {2012},
Volume    = {},
Series    = {},
Address   = {Hauppauge, New York},
Edition   = {},
Month     = {},
Note      = {},
Key       = {}
}

 
@article {Das:Das01,
author = {DasGupta,  A. and Paul, A. and Das, A.},
title = "{Ionospheric total electron content (TEC) studies with GPS in the equatorial region}",
journal = {Indian Journal of Radio and Space Physics},
volume = {36},
pages = {278--292},
year = {1997},
month = {August},
}

@article {iri:iri01,
author = {Bilitza, D. and Rawer, K. and Gulyaeva T. L.},
title = "{International Reference Ionosphere - Past, Present, Future}",
journal = {Adv. Space Res.},
volume = {13},
number = {3},
pages = {3--23},
year = {1993},
}

@article {Davies1997,
author = {Davies, K. and Hartmann, G. K.},
title = "{Studying the ionosphere with the Global Positioning System}",
journal = {Radio Science},
volume = {32},
number = {4},
issn = {1944-799X},
pages = {1695--1703},
year = {1997},
}


@Article{ars-2-283-2004,
AUTHOR = {Bilitza, D.},
TITLE = "{35 years of International Reference Ionosphere – Karl Rawer’s legacy}",
JOURNAL = {Advances in Radio Science},
VOLUME = {2},
YEAR = {2004},
PAGES = {283--287},
}

@ARTICLE{Seemala2011,
   author = {{Seemala}, G. ~K. and Valladares, C. ~E.},
    title = "{Statistics of total electron content depletions observed over the South American continent for the year 2008}",
  journal = {Radio Science},
     year = {2011},
    month = {October},
   volume = 46,
      eid = {RS5019},
    pages = {5019},
}


@article {Calais1995,
author = {Calais, E. and Minster, J. B.},
title = "{GPS detection of ionospheric perturbations following the January 17, 1994, Northridge Earthquake}",
journal = {Geophysical Research Letters},
volume = {22},
number = {9},
issn = {1944-8007},
pages = {1045--1048},
year = {1995},
}



@article{Liu2012,
title = "{Vertical  TEC variations and model during low solar activity at a low latitude station, Xiamen} ",
journal = "Advances in Space Research ",
volume = "49",
number = "3",
pages = "530 - 538",
year = "2012",
note = "",
issn = "0273-1177",
author = " Liu, G. and  Huang, W. and Shen, H. and Gong, J.",
}


@PhdThesis{Komjathy1997,
           title = "{Global Ionospheric Total Electron Content Mapping Using the Global Positioning System}",
          author = {Komjathy, A.},
          school = {Dept. of Geodesy and Geomatics Engineering, University of New Brunswick},
           month = {September},
            year = {1997},
}




@MastersThesis{Hong:Thesis:2008,
    author =  {Hong, L. W.},
    title     =  {{Interpolation and mapping of the total electron content over the malaysian region}},
    school = {Faculty of Geoinformation Science and Engineering University of Technology},
    address = { Malaysia},
    year =  {2008},
    }

@article {Kane1980,
author = {Kane, R. P.},
title = "{Irregular variations in the global distribution of total electron content}",
journal = {Radio Science},
volume = {15},
number = {4},
issn = {1944-799X},
pages = {837--842},
year = {1980},
}






@article{Bhuyan2003,
title = "{Diurnal, seasonal and latitudinal variation of electron density in the topside F-region of the Indian zone ionosphere at solar minimum and comparison with the IRI} ",
journal = "Journal of Atmospheric and Solar-Terrestrial Physics ",
volume = "65",
number = "3",
pages = "359 - 368",
year = "2003",
note = "",
issn = "1364-6826",
author = "P. K. Bhuyan and M. Chamua and K. Bhuyan and P. Subrahmanyam and S. C. Garg",
}

@article{Rishbeth1995,
year={1995},
issn={0992-7689},
journal={Annales Geophysicae},
volume={13},
number={4},
title="{The F-layer at sunrise}",
publisher={Springer-Verlag},
author={Rishbeth, H. and Jenkins, B. and Moffett, R.J.},
pages={367-374},
language={English}
}


@article{Bittencourt1994995,
title = "{On the IRI model predictions for the low-latitude ionosphere} ",
journal = "Journal of Atmospheric and Terrestrial Physics ",
volume = "56",
number = "8",
pages = "995 - 1009",
year = "1994",
note = "",
issn = "0021-9169",
author = "J. A. Bittencourt and M. Chryssafidis"
}

@article{Ezquer2004,
author = {R. G. Ezquer and C. Brunini and M. Mosert and A. Meza and R. del V. Oviedo and E. Kiorcheff and S. M. Radicella},
title = {{GPS-VTEC measurements and IRI predictions in the South American sector}},
journal = {Advances in Space Research},
volume = {34},
year = {2004},
pages = {2035--2043},
issue = {9},
masid = {40749073}
}



@article{Rao2010,
author = {Rao, N. V. and Madhu, T and Kishore, K.  L.},
file = {:C$\backslash$:/Users/sampadpanda/AppData/Local/Mendeley Ltd./Mendeley Desktop/Downloaded/Rao, Madhu, Kishore - 2010 - Geomagnetic Storm Effects on GPS Aided Navigation over Low Latitude South Indian Region(3).pdf:pdf},
mendeley-groups = {Eclipse},
number = {3},
pages = {37--42},
title = "{Geomagnetic Storm Effects on GPS Aided Navigation over Low Latitude South Indian Region}",
volume = {10},
year = {2010}
}

@Article{RamaRao2009,
AUTHOR = {Rama Rao, P. V. S. and Seemala, G. K. and Vara Prasad, J. and Prasad, S. N. V. S. and Prasad, D. S. V. V. D. and Niranjan, K.},
TITLE = "{Geomagnetic storm effects on GPS based navigation}",
JOURNAL = {Annales Geophysicae},
VOLUME = {27},
YEAR = {2009},
NUMBER = {5},
PAGES = {2101--2110},
}





@article{Cai2007,
year={2007},
issn={1009-5020},
journal={Geo-spatial Information Science},
volume={10},
number={2},
title={Monitoring seasonal variations of ionospheric TEC using GPS measurements},
publisher={Wuhan University},
author={Cai, C.},
pages={96-99},
language={English}
}


@ARTICLE{Yang2005,
   author = {{Yang}, Y. and {Zhang}, S.},
    title = "{Adaptive fitting of systematic errors in navigation}",
  journal = {Journal of Geodesy},
     year = 2005,
    month = jun,
   volume = 79,
    pages = {43-49},
}

@ARTICLE{Gao,
   author = {{Gao}, Y. and {Liu}, Z. Z.},
    title = "{Precise Ionosphere Modeling Using Regional GPS Network Data}",
  journal = {Journal of Global Positioning Systems},
     year = 2002,
    month = July,
   volume = 1,
    pages = {18-24},
  }




@ARTICLE{Sreeja,
   author = {{Sreeja}, V. and {Devasia}, C.~V. and {Ravindran}, S. and {Pant}, T.~K. and 
	{Sridharan}, R.},
    title = "{Response of the equatorial and low-latitude ionosphere in the Indian sector to the geomagnetic storms of January 2005}",
  journal = {Journal of Geophysical Research (Space Physics)},
     year = 2009,
   volume = 114,
    pages = {A06314},
}


@ARTICLE{Mannucci1998,
   author = {{Mannucci}, A.~J. and {Wilson}, B.~D. and {Yuan}, D.~N. and 
	{Ho}, C.~H. and {Lindqwister}, U.~J. and {Runge}, T.~F.},
    title = "{A global mapping technique for GPS-derived ionospheric total electron content measurements}",
  journal = {Radio Science},
     year = 1998,
    month = may,
   volume = 33,
    pages = {565-582},
}

@ARTICLE{2005Gao,
   author = {{Liu}, Z. and {Gao}, Y. and {Skone}, S.},
    title = "{A study of smoothed TEC precision inferred from GPS measurements}",
  journal = {Earth, Planets, and Space},
     year = 2005,
    month = nov,
   volume = 57,
    pages = {999-1007},
}


@ARTICLE{2007Moeketsi,
   author = {{Moeketsi}, D.~M. and {Combrinck}, W.~L. and {McKinnell}, L.~A. and 
	{Fedrizzi}, M.},
    title = "{Mapping GPS-derived ionospheric Total Electron Content over Southern Africa during different epochs of solar cycle 23}",
  journal = {Advances in Space Research},
     year = 2007,
   volume = 39,
    pages = {821-829},
}

@ARTICLE{2007Opperman,
   author = {{Opperman}, B.~D.~L. and {Cilliers}, P.~J. and {McKinnell}, L.-A. and 
	{Haggard}, R.},
    title = "{Development of a regional GPS-based ionospheric TEC model for South Africa}",
  journal = {Advances in Space Research},
     year = 2007,
   volume = 39,
    pages = {808-815},
}


@ARTICLE{2007McKinnell,
   author = {{McKinnell}, L. -A. and {Opperman}, B. and {Cilliers}, P.~J.},
    title = "{GPS TEC and ionosonde TEC over Grahamstown, South Africa: First comparisons}",
  journal = {Advances in Space Research},
     year = 2007,
   volume = 39,
    pages = {816-820},
}



@article{Gulyaeva2013329,
title = "{GIM-TEC adaptive ionospheric weather assessment and forecast system}",
journal = "Journal of Atmospheric and Solar-Terrestrial Physics ",
volume = "102",
number = "0",
pages = "329 - 340",
year = "2013",
note = "",
issn = "1364-6826",
author = "T. L. Gulyaeva and F. Arikan and M. Hernandez-Pajares and I. Stanislawska",
}



@ARTICLE{Hernandez2009,
   author = {{Hern{\'a}ndez-Pajares}, M. and {Juan}, J.~M. and {Sanz}, J. and 
	{Orus}, R. and {Garcia-Rigo}, A. and {Feltens}, J. and {Komjathy}, A. and 
	{Schaer}, S.~C. and {Krankowski}, A.},
    title = "{The IGS VTEC maps: a reliable source of ionospheric information since 1998}",
  journal = {Journal of Geodesy},
     year = 2009,
    month = mar,
   volume = 83,
    pages = {263-275},
}



@article{Feltens2003,
title = "{The International GPS Service (IGS) Ionosphere Working Group} ",
journal = "Advances in Space Research ",
volume = "31",
number = "3",
pages = "635 - 644",
year = "2003",
issn = "0273-1177",
author = "J. Feltens"
}

@InProceedings{IONEX1998,
    author = {Schaer, S. and Gurtner, W. and Feltens, J.},
    title = {{IONEX}: The IONosphere Map EXchange Format Verson 1},
    booktitle = {Proceedings of the {IGS AC} Workshop},
    month = feb,
    year = 1998,
    publisher = {},
    editor = {},
    pages = {},
}


@article{Abdu1996,
title = "{An overview of IRI-observational data comparison in American (Brazilian) sector low latitude ionosphere}",
journal = "Advances in Space Research ",
volume = "18",
number = "6",
pages = "13 - 22",
year = "1996",
issn = "0273-1177",
author = "Abdu, M. A. and Batista, I. S.  and de Souza, J. R. "
}

@article{Shastri1996,
title = "{Performance of IRI model predictions of F-region for Indian latitudes }",
journal = "Advances in Space Research ",
volume = "18",
number = "6",
pages = "41 - 44",
year = "1996",
issn = "0273-1177",
author = "Shastri, S.  and Aggarwal, S.  and Sethi, N. K. "
}

@article{McNamara1985,
title = "{The use of total electron content measurements to validate empirical models of the ionosphere}",
journal = "Advances in Space Research ",
volume = "5",
number = "7",
pages = "81 - 90",
year = "1985",
note = "",
issn = "0273-1177",
author = "McNamara, L. F."
}


@article{Sethi2011,
title = "{Validation of IRI-2007 against TEC observations during low solar activity over Indian sector }",
journal = "Journal of Atmospheric and Solar-Terrestrial Physics ",
volume = "73",
number = "7–8",
pages = "751 - 759",
year = "2011",
note = "",
issn = "1364-6826",
author = "Sethi, N. K.  and Dabas, R. S.  and Sarkar, S. K.",
}

@article{Sethi2001,
title = "{Comparative study of TEC with IRI model for solar minimum period at low latitude} ",
journal = "Advances in Space Research ",
volume = "27",
number = "1",
pages = "45 - 48",
year = "2001",
note = "",
issn = "0273-1177",
author = "Sethi, N. K. and Pandey, V. K. and Mahajan, K. K. "
}



@article{Batista1994,
title = "{Total electron content at low latitudes and its comparison with the  IRI90} ",
journal = "Advances in Space Research ",
volume = "14",
number = "12",
pages = "87 - 90",
year = "1994",
note = "",
issn = "0273-1177",
author = "Batista, I. S.  and de Souza, J. R.  and Abdu, M. A. and de Paula, E. R."
}



@article{Chauhan2010,
title = "{A morphological study of GPS-TEC data at Agra and their comparison with the IRI model }",
journal = "Advances in Space Research ",
volume = "46",
number = "3",
pages = "280 - 290",
year = "2010",
note = "",
issn = "0273-1177",
author = "Chauhan, V. and Singh, O.  P. ",
}




@article{Aggarwal2011,
title = "{TEC variability near northern EIA crest and comparison with IRI model} ",
journal = "Advances in Space Research ",
volume = "48",
number = "7",
pages = "1221 - 1231",
year = "2011",
note = "",
issn = "0273-1177",
author = "Aggarwal, M.",
}


@article{Adewale2012,
title = "{Low solar activity variability and IRI 2007 predictability of equatorial Africa  GPS TEC} ",
journal = "Advances in Space Research ",
volume = "49",
number = "2",
pages = "316 - 326",
year = "2012",
note = "",
issn = "0273-1177",
author = "Adewale, A. O.  and Oyeyemi, E. O.  and Cilliers, P. J.  and McKinnell, L. A.  and Adeloye, A. B. ",
}



@article{Prasad2012,
title = "{On the variabilities of the Total Electron Content (TEC) over the Indian low latitude sector }",
journal = "Advances in Space Research ",
volume = "49",
number = "5",
pages = "898 - 913",
year = "2012",
note = "",
issn = "0273-1177",
author = "Prasad, S.N.V.S.  and Rama Rao, P.V.S.  and Prasad, D.S.V.V.D.  and Venkatesh, K. and Niranjan, K. ",
}



@article{Olwendo2012,
title = "{Comparison of GPS TEC measurements with IRI-2007  TEC prediction over the Kenyan region during the descending phase of solar cycle 23 }",
journal = "Advances in Space Research ",
volume = "49",
number = "5",
pages = "914 - 921",
year = "2012",
note = "",
issn = "0273-1177",
author = "Olwendo, O. J.  and Baki, P.  and Cilliers, P.J.  and Mito, C.  and Doherty, P. ",
}


@article{Bramley1968,
title = "{Winds and electromagnetic drifts in the equatorial F2-region}",
journal = "Journal of Atmospheric and Terrestrial Physics ",
volume = "30",
number = "1",
pages = "99 - 111",
year = "1968",
note = "",
issn = "0021-9169",
author = "Bramley, E. N. and Young, M. "
}

@article {Tsai2001,
author = {Tsai, H. and Liu, J. and Tsai, W. and Liu, C. and Tseng, C. and Wu, C.},
title = "{Seasonal variations of the ionospheric total electron content in Asian equatorial anomaly regions}",
journal = {Journal of Geophysical Research: Space Physics},
volume = {106},
number = {A12},
issn = {2156-2202},
pages = {30363--30369},
year = {2001},
}


@article{Torr1973,
title = "{The seasonal behaviour of the F2-layer of the ionosphere}",
journal = "Journal of Atmospheric and Terrestrial Physics ",
volume = "35",
number = "12",
pages = "2237 - 2251",
year = "1973",
note = "",
issn = "0021-9169",
author = "Torr, M. R.  and Torr, D. G. "
}


@article{Liu2013366,
title = "{Seasonal variability of GPS-VTEC and model during low solar activity period (2006-2007) near the equatorial ionization anomaly crest location in Chinese zone} ",
journal = "Advances in Space Research ",
volume = "51",
number = "3",
pages = "366 - 376",
year = "2013",
note = "",
issn = "0273-1177",
author = " Liu, G. and  Huang, W. and Gong, J. and Shen, H.",
}





@article{Troitsky2007SPIM,
year={2007},
issn={0016-7932},
journal={Geomagnetism and Aeronomy},
volume={47},
number={3},
title="{Ionospheric support of HF radiocommunication using maps of total electron content}",
publisher={Nauka/Interperiodica},
author={Troitsky, B. V. and Ortikov, M. Yu. and Lobanov, K. A. and Vlasov, A. A. and Pogorel’tsev, A. I.},
pages={389-394},
language={English}
}



@article{HernandezPajares2002949,
title = "{Combining GPS measurements and IRI model values for space weather specification}",
journal = "Advances in Space Research ",
volume = "29",
number = "6",
pages = "949 - 958",
year = "2002",
note = "",
issn = "0273-1177",
author = "Hernandez-Pajares, M. and Juan, J. M. and Sanz, J.  and Bilitza, D. "
}


@article{Galav2010,
title = "{Characterization of low latitude GPS-TEC during very low solar activity phase}",
journal = "Journal of Atmospheric and Solar-Terrestrial Physics ",
volume = "72",
number = "17",
pages = "1309 - 1317",
year = "2010",
note = "",
issn = "1364-6826",
author = "Galav, P. and Dashora, N. and Sharma, S. and Pandey, R. ",
}


@Article{Zhao2009,
AUTHOR = {Zhao, B. and Wan, W. and Liu, L. and Ren, Z.},
TITLE = "{Characteristics of the ionospheric total electron content of the equatorial ionization anomaly in the Asian-Australian region during 1996-2004}",
JOURNAL = {Annales Geophysicae},
VOLUME = {27},
YEAR = {2009},
NUMBER = {10},
PAGES = {3861--3873},
}

@article{Mukherjee2010,
title = "Seasonal variation of total electron content at crest of equatorial anomaly station during low solar activity conditions ",
journal = "Advances in Space Research ",
volume = "46",
number = "3",
pages = "291 - 295",
year = "2010",
note = "",
issn = "0273-1177",
author = "Mukherjee, S.  and Sarkar , S. and Purohit, P. K.  and Gwal, A. K. ",
}


@article{Bagiya2011,
author = {Bagiya, M.  S. and Iyer, K. N. and Joshi, H. P. and Thampi, S. V. and Tsugawa, T. and Ravindran, S. and Sridharan, R. and Pathan, B. M.},
file = {:E$\backslash$:/Sampad K. Panda\_09431010/GPS+IONOSPHERE IN INDIA/rajkotGPSpaper.pdf:pdf},
issn = {0148-0227},
journal = {Journal of Geophysical Research},
mendeley-groups = {Eclipse},
month = jan,
number = {A1},
pages = {A01303},
title = {{Low-latitude ionospheric-thermospheric response to storm time electrodynamical coupling between high and low latitudes}},
volume = {116},
year = {2011}
}



@Article{SPIMMaltseva2013,
AUTHOR = {Maltseva, O. A. and Zhbankov, G. A. and Mozhaeva, N. S.},
TITLE = "{Advantages of the new model of IRI (IRI-Plas) to simulate the ionospheric electron density: case of the European area}",
JOURNAL = {Advances in Radio Science},
VOLUME = {11},
YEAR = {2013},
PAGES = {307--311},
}

@article{Ezquer1999,
title = "{Predicted and measured electron density at 600 km altitude in the South American peak of the equatorial anomaly}",
journal = "Journal of Atmospheric and Solar-Terrestrial Physics ",
volume = "61",
number = "5",
pages = "415 - 421",
year = "1999",
note = "",
issn = "1364-6826",
author = "Ezquer, R. G. and Carbrera, M. A. and Manzano, J. R. "
}

@article {Egedal1947,
author = {Egedal, J.},
title = {{The magnetic diurnal variation of the horizontal force near the magnetic equator}},
journal = {Terrestrial Magnetism and Atmospheric Electricity},
volume = {52},
number = {4},
issn = {0096-8013},
pages = {449--451},
year = {1947},
}


@article {Forbes1981,
author = {Forbes, J. M.},
title = "{The equatorial electrojet}",
journal = {Reviews of Geophysics},
volume = {19},
number = {3},
issn = {1944-9208},
pages = {469--504},
year = {1981},
}


@article {Rastogi1994,
author = {Rastogi, R. G.},
title = {Ionospheric current system associated with the equatorial counterelectrojet},
journal = {Journal of Geophysical Research: Space Physics},
volume = {99},
number = {A7},
issn = {2156-2202},
pages = {13209--13217},
year = {1994},
}

@article {Watkins1964,
author = {Watkins, D. C.},
title = "{Reaching the Upper ionosphere by radar}",
journal = {New Scientist},
volume = {99},
number = {382},
pages = {686--689},
year = {1964},
}


@phdthesis{Sibanda2010,
  title={Challenges in topside ionospheric modelling over South Africa},
  author={Sibanda, P.},
  year={2010},
  school={Rhodes University},
}

@phdthesis{Oyeyemi2006,
  title="{A global ionospheric F2 region peak electron density model using neural networks and extended geophysically relevant inputs}",
  author={Oyeyemi, E. O.},
  year={2006},
  school={Rhodes University},
}

@article{Rishbeth1998,
  title="{How the thermospheric circulation affects the ionospheric F2-layer}",
  author={Rishbeth, H.},
  journal={Journal of Atmospheric and Solar-Terrestrial Physics},
  volume={60},
  number={14},
  pages={1385--1402},
  year={1998},
  publisher={Elsevier},
}

@article {Powell2010,
author = {Powell, J. D. and Walter, T.},
title = "{Space Weather: Its Effect on GNSS, DGNSS, SBAS, and Flight Inspection}",
journal = {International Flight Inspection Symposium (IFIS), Beijing, China.},
volume = {},
number = {},
pages = {},
year = {2010},
}


@article{Essex2010,
  title="{Monitoring the ionosphere/plasmasphere with low earth orbit satellites: The Australian Microsatellite FedSat}",
  author={Essex, E. A. and Webb, P. A. and Horvath, I. and McKinnon, C. and Shilo, N. and Tate, B.},
  journal={Cooperative Research Center for Satellite Systems, Department of Physics, La Trobe University, Bundoora},
  year={2010}
}


@article{Abdullah2009,
  title="{Ionospheric Total Electron Content Response to the December 26, 2004 North Sumatra Earthquake}",
  author={Abdullah, A. and Zain, A. F. M. and Jusoh, M. H. and Misran, N. and Mubarak, W. A.},
  journal={American Journal of Applied Sciences},
  volume={6},
  number={4},
  pages={685--690},
  year={2009}
}

@ARTICLE{Kintner2009,
   author = {Kintner, P. M. and Humphreys, T. and Hinks, J.},
    title = "{GNSS and Ionospheric scintillation}",
  journal = {InsideGNSS},
     year = {2009},
}


@book{Prolss2004,
  title={Physics of the Earth\textasciiacute s Space Environment: An Introduction},
  author={Pr{\"o}lss, G.},
  isbn={9783540214267},
  lccn={2004102968},
  year={2004},
 }


@article{Komjathy2003,
  title="{An assessment of the current WAAS ionospheric correction algorithm in the south American region}",
  author={Komjathy, Attila and Sparks, Lawrence and Mannucci, Anthony J and Nasa, Xiaoqing PI},
  journal={Navigation(Washington)},
  volume={50},
  number={3},
  pages={193--204},
  year={2003}
}

@book{Parkinson1996,
  title="{Global Positioning System: Theory and Applications}",
  author={Parkinson, B. W. and Spilker, J. J.},
  number={v. 1},
  isbn={9781600864193},
  year={1996},
  publisher={American Institute of Aeronautics \& Astronautics, Accessed from Library, Indian Institute of Technology Bombay}
}

@book{Wells1986,
  title={Guide to GPS positioning},
  author={Wells, D. E. and N. Beck and D. Delikaraoglou and A. Kleusberg and E. J. Krakiwsky and G. Lachapelle and R. B. Langley and M. Nakiboglu and K. P. Schwarz and J. M. Tranquilla and P. Van\'{\i}cek},
  year={1987},
  publisher={Canadian GPS Associates Fredericton, NB, Canada}
}

@MASTERSTHESIS{El-Gizawy,
           title = "{Development of an Ionosphere Monitoring Technique Using GPS Measurements for High Latitude GPS Users}",
          author = {El-Gizawy, M. L.},
          school = {Dept. of Geomatics Engineering, The University of Calgary, Alberta},
          year = {2003},
}

@book{Hoffmann1997,
  title="{GPS: Theory and practice}",
  author={Hoffmann-Wellenhof, Bernhard and Lichtenegger, Herbert and Collins, James},
  publisher={4th revised edn, Springer Wien, New York},
  year={1997},
}

@article{Lachapelle1998,
  title={GPS Theory and Applications},
  author={Lachapelle, G},
  journal={ENGO625 Lecture Notes, Department of Geomatics Engineering, University of Calgary, Canada},
  year={1998}
}



@article{Simmons1995,
  title="{Module 10—Introduction to Wave Propagation, Transmission Lines, and
  Antennas}",
  author={Simmons, L. D. and Floyd, L. A.},
  journal={Navy Electricity and Electronics Training Series, Naval Education and training professional development and technology, Nevedtra},
  year={1995}
}


@article {Sunda2015,
author = {Sunda, S. and Sridharan, R. and Vyas, B. M. and Khekale, P. V. and Parikh, K. S. and Ganeshan, A. S. and Sudhir, C. R. and Satish, S. V. and Bagiya, Mala S.},
title = "{Satellite-based augmentation systems: A novel and cost-effective tool for ionospheric and space weather studies}",
journal = {Space Weather, In Press},
issn = {1542-7390},
doi = {10.1002/2014SW001103},
year = {2015},
}




@article{Vyas2012,
title = "{The solar eclipse and its associated ionospheric TEC variations over Indian stations on January 15, 2010} ",
journal = "{Advances in Space Research}",
volume = "49",
number = "3",
pages = {546--555},
year = "2012",
issn = "0273-1177",
author = "Vyas, B. M. and Sunda, S.",
}

@article {Cheng1992,
author = {Cheng, Kang and Huang, Yinn -Nien and Chen, Sen -Wen},
title = {{Ionospheric effects of the solar eclipse of September 23, 1987, around the equatorial anomaly crest region}},
journal = {Journal of Geophysical Research: Space Physics},
volume = {97},
number = {A1},
issn = {2156-2202},
pages = {103--111},
year = {1992},
}

@article{Skinner1969,
title = "{A new analysis of eclipse effects in the equatorial F-region}",
journal = "Journal of Atmospheric and Terrestrial Physics ",
volume = "31",
number = "11",
pages = "1333 - 1344",
year = "1969",
note = "",
issn = "0021-9169",
author = "N. J. Skinner"
}

@article{Subrahamanyam2011,
year={2011},
issn={0006-8314},
journal={Boundary-Layer Meteorology},
volume={141},
number={2},
title="{Atmospheric Surface-Layer Response to the Annular Solar Eclipse of 15 January 2010 over Thiruvananthapuram, India}",
author={Bala~Subrahamanyam, D. and Anurose, T. J. and Mohan, M. and Santosh, M. and Kiran Kumar, N. V. P. and Sijikumar, S. and Prijith, S. S. and Aloysius, M.},
pages={325-332},
language={English}
}


@Article{paul2011,
AUTHOR = {Paul, A. and Das, T. and Ray, S. and Das, A. and Bhowmick, D. and DasGupta, A.},
TITLE = "{Response of the equatorial ionosphere to the total solar eclipse of 22 July 2009 and annular eclipse of 15 January 2010 as observed from a network of stations situated in the Indian longitude sector}",
JOURNAL = {Annales Geophysicae},
VOLUME = {29},
YEAR = {2011},
NUMBER = {10},
PAGES = {1955--1965},
}



@article{Bhaskar2011223,
title = "{A study of secondary cosmic ray flux variation during the annular eclipse of 15 January 2010 at Rameswaram, India}",
journal = "Astroparticle Physics ",
volume = "35",
number = "5",
pages = "223 - 229",
year = "2011",
note = "",
issn = "0927-6505",
author = "Ankush Bhaskar and Avadhut Purohit and M. Hemalatha and Chintamani Pai and Anil Raghav and Chetan Gurada and S. Radha and Virendra Yadav and Vishal Desai and Abhishek Chitnis and Padmanabh Sarpotdar and Anirudha Patankar",
}

@PhdThesis{Schaer1999,
title = "{Mapping and predicting the Earth's ionosphere using the Global Positioning System}",
author = {Schaer, S.},
school = {Astronomical Institute, University of Berne, Berne, Switzerland},
month = {March},
year = {1999}
}


@book{espenak2006five,
  title="{Five Year Millennium Canon of Solar Eclipses: -1999 to +3000 (2000 BCE to 3000 CE)}",
  author={Espenak, F. and Meeus, J. and Goddard Space Flight Center and United States. National Aeronautics and Space Administration},
  series={NASA technical paper},
   year={2006},
  publisher={NASA Goddard Space Flight Center}
}

@ARTICLE{Klobuchar1991,
   author = {{Klobuchar}, J. A.},
    title = "{Ionospheric Effects on GPS}",
  journal = {Early Innovation columns,GPS World},
     year = 1991
}

@ARTICLE{Jakowski2008,
   author = {{Jakowski}, N. and {Stankov}, S.~M. and {Wilken}, V. and {Borries}, C. and 
	{Altadill}, D. and {Chum}, J. and {Buresova}, D. and {Boska}, J. and 
	{Sauli}, P. and {Hruska}, F. and {Cander}, L.~R.},
    title = "{Ionospheric behavior over Europe during the solar eclipse of 3 October 2005}",
  journal = {Journal of Atmospheric and Solar-Terrestrial Physics},
 keywords = {Ionosphere, Solar eclipse, Vertical sounding, GPS sounding, Gravity waves},
     year = 2008,
    month = apr,
   volume = 70,
   number = "6",
    pages = {836-853},
   }



@Article{Le2008,
AUTHOR = {Le, H. and Liu, L. and Yue, X. and Wan, W.},
TITLE = "{The ionospheric responses to the 11 August 1999 solar eclipse: observations and modeling}",
JOURNAL = {Annales Geophysicae},
VOLUME = {26},
YEAR = {2008},
NUMBER = {1},
PAGES = {107--116},
}


@ARTICLE{Hernandez2006,
   author = {{Hern{\'a}ndez-Pajares}, M. and {Juan}, J.~M. and {Sanz}, J.
	},
    title = "{Medium-scale traveling ionospheric disturbances affecting GPS measurements: Spatial and temporal analysis}",
  journal = {Journal of Geophysical Research (Space Physics)},
     year = 2006,
    month = Jul,
   volume = 111,
      eid = {A07S11},
      issn = {2156-2202},
}


@article {Evans1965,
author = {Evans, J. V.},
title = "{An F region eclipse}",
journal = {Journal of Geophysical Research},
volume = {70},
number = {1},
issn = {2156-2202},
pages = {131--142},
year = {1965},
}




@ARTICLE{Farges2001,
   author = {{Farges}, T. and {Jodogne}, J.~C. and {Bamford}, R. and {Le Roux}, Y. and 
	{Gauthier}, F. and {Vila}, P.~M. and {Altadill}, D. and {Sole}, J.~G. and 
	{Miro}, G.},
    title = "{Disturbances of the western European ionosphere during the total solar eclipse of 11 August 1999 measured by a wide ionosonde and radar network}",
  journal = {Journal of Atmospheric and Solar-Terrestrial Physics},
     year = 2001,
    month = jan,
   volume = 63,
    pages = {915-924},
  adsnote = {Provided by the SAO/NASA Astrophysics Data System}
}







@article{Baran2003989,
title = "{The response of the ionospheric total electron content to the solar eclipse on August 11, 1999 }",
journal = "{Advances in Space Research} ",
volume = "31",
number = "4",
pages = "989 - 994",
year = "2003",
note = "",
issn = "0273-1177",
author = {{Baran}, L. W. and {Ephishov}, I. I. and {Shagimuratov}, I. I. and {Ivanov} V. P. and {Lagovsky}, A.F.}
}




@article {Seemala2011,
author = {Seemala, G. K. and Valladares, C. E.},
title = {Statistics of total electron content depletions observed over the South American continent for the year 2008},
journal = {Radio Science},
volume = {46},
number = {5},
issn = {1944-799X},
year = {2011},
month = oct,
eid = {RS5019},
pages = {5019},
}

@Article{Sridharan2002,
AUTHOR = {Sridharan, R. and Devasia, C. V. and Jyoti, N. and Tiwari, Diwakar and Viswanathan, K. S. and Subbarao, K. S. V.},
TITLE = "{Effects of solar eclipse on the electrodynamical processes of the equatorial ionosphere: a case study during 11 August 1999 dusk time total solar eclipse over India}",
JOURNAL = {Annales Geophysicae},
VOLUME = {20},
YEAR = {2002},
NUMBER = {12},
PAGES = {1977--1985},
}
@article{Sharma20101387,
title = "{Total solar eclipse of July 22, 2009: Its impact on the total electron content and ionospheric electron density in the Indian zone}",
journal = "Journal of Atmospheric and Solar-Terrestrial Physics ",
volume = "72",
number = "18",
pages = {1387--1392},
year = "2010",
issn = "1364-6826",
author = "Sharma, S. and Dashora, N. and Galav, P. and Pandey, R. ",
}


@Article{Cohen1984,
author = {Cohen, Elizabeth A.},
title = "{The study of the effect of solar eclipses on the ionosphere based on satellite beacon observations}",
journal = {Radio Science},
volume = {19},
number = {3},
issn = {1944-799X},
pages = {769--777},
year = {1984},
}

@Article{Nayak2012,
AUTHOR = {Nayak, C. K. and Tiwari, D. and Emperumal, K. and Bhattacharyya, A.},
TITLE = "{The equatorial ionospheric response over Tirunelveli to the 15 January 2010 annular solar eclipse: observations}",
JOURNAL = {Annales Geophysicae},
VOLUME = {30},
YEAR = {2012},
NUMBER = {9},
PAGES = {1371--1377},
}


@article{Stolle2008,
author = {Stolle, C. and Manoj, C. and L\"{u}hr, H. and Maus, S. and Alken, P.},
issn = {0148-0227},
journal = {Journal of Geophysical Research},
month = sep,
number = {A9},
pages = {A09310},
title = {{Estimating the daytime Equatorial Ionization Anomaly strength from electric field proxies}},
volume = {113},
year = {2008}
}

@article{Manoj2006,
author = {Manoj, C. and L\"{u}hr, H. and Maus, S. and Nagarajan, N.},
issn = {0148-0227},
journal = {Journal of Geophysical Research},
month = nov,
number = {},
pages = {A11312},
title = {{Evidence for short spatial correlation lengths of the noontime equatorial electrojet inferred from a comparison of satellite and ground magnetic data}},
volume = {111},
year = {2006}
}


@article {RastogiandKlobuchar,
author = {Rastogi, R. G. and Klobuchar, J. A.},
title = "{Ionospheric electron content within the equatorial F2 layer anomaly belt}",
journal = {Journal of Geophysical Research: Space Physics},
volume = {95},
number = {A11},
issn = {2156-2202},
pages = {19045--19052},
year = {1990},
}

@article{Jose2011,
author = {Jose, L. and Ravindran, S. and Vineeth, C. and Pant, T. K. and Alex, S.},
issn = {1432-0576},
journal = {Annales Geophysicae},
month = jul,
number = {7},
pages = {1267--1275},
title = {{Investigation of the response time of the equatorial ionosphere in context of the equatorial electrojet and equatorial ionization anomaly}},
volume = {29},
year = {2011}
}

@article{Sripathi2012,
author = {Sripathi, S. and Bhattacharyya, A.},
issn = {0148-0227},
journal = {Journal of Geophysical Research},
month = may,
number = {A5},
pages = {A05305},
title = {{Quiet time variability of the GPS TEC and EEJ strength over Indian region associated with major sudden stratospheric warming events during 2005/2006}},
volume = {117},
year = {2012}
}

@Article{RamaRao2006,
AUTHOR = {Rama Rao, P. V. S. and Gopi Krishna, S. and Niranjan, K. and Prasad, D. S. V. V. D.},
TITLE = "{Temporal and spatial variations in TEC using simultaneous measurements from  the Indian GPS network of receivers during the low solar activity period of 2004-2005}",
JOURNAL = {Annales Geophysicae},
VOLUME = {24},
YEAR = {2006},
NUMBER = {12},
PAGES = {3279--3292},
}


@Article{Chakraborty2009,
AUTHOR = {Chakraborty, S. K. and Hajra, R.},
TITLE = {{Electrojet control of ambient ionization near the crest of the equatorial anomaly in the Indian zone}},
JOURNAL = {Annales Geophysicae},
VOLUME = {27},
YEAR = {2009},
NUMBER = {1},
PAGES = {93--105},
DOI = {10.5194/angeo-27-93-2009}
}


@ARTICLE{2001Alex,
   author = {{Alex}, S. and {Mukherjee}, S.},
    title = "{Local time dependence of the equatorial counter electrojet effect in a narrow longitudinal belt}",
  journal = {Earth, Planets, and Space},
     year = 2001,
    month = dec,
   volume = 53,
    pages = {1151-1161},
}

@article{Vineeth2012,
author = {Vineeth, C. and Pant, T.K. and Kumar, K.K. and Jose, Lijo and Sumod, S.G. and Alex, S.},
issn = {13646826},
journal = {Journal of Atmospheric and Solar-Terrestrial Physics},
month = feb,
pages = {115--121},
title = {{Counter equatorial electrojet: Analysis of the variability in daytime mesopause temperature and winds}},
volume = {75-76},
year = {2012}
}

@article{Bhargava1983,
year={1983},
issn={0253-4126},
journal={Proceedings of the Indian Academy of Sciences - Section A. Part 2, Earth and Planetary Sciences},
volume={92},
number={1},
title="{Indices of equatorial electrojet and counter-electrojet in the Indian region: Evolution of the indices and their authenticity}",
publisher={Springer India},
author={Bhargava, B. N. and Arora, B. R. and Sastri, N. S.},
pages={45-55},
language={English}
}



@article{Sanjaykumar2012,
title = "{Changes in total electron content (TEC) during the annular solar eclipse of 15 January 2010} ",
journal = "{Advances in Space Research} ",
volume = "49",
number = "1",
pages = "75 - 82",
year = "2012",
month = jan,
note = "",
issn = "0273-1177",
author = "Kumar, S. and Singh, A. K.",
}



@PhdThesis{KomjathyThesis,
title = "{Global Ionospheric Total Electron Content Mapping Using the Global Positioning System}",
author = {Komjathy, A.},
school = {Dept. of Geodesy and Geomatics Engineering, University of New Brunswick},
month = {September},
year = {1997}
}

@book{rishbeth1969introduction,
  title="{Introduction to ionospheric physics}",
  author={Rishbeth, H. and Garriott, O.K.},
  lccn={lc69012280},
  series={International geophysics series},
  year={1969},
  publisher={Academic Press}
}


@article{Rishbeth1968,
year={1968},
issn={0038-6308},
journal={Space Science Reviews},
volume={8},
number={4},
title="{Solar eclipses and ionospheric theory}",
publisher={Kluwer Academic Publishers},
author={Rishbeth, H.},
pages={543-554},
language={English}
}

@article{Skinner1967287,
title = "{Eclipse effects in the equatorial F-region}",
journal = "Journal of Atmospheric and Terrestrial Physics ",
volume = "29",
number = "3",
pages = "287 - 295",
year = "1967",
note = "",
issn = "0021-9169",
author = "N. J. Skinner"
}

@article{Bamford2001373,
title = "{The effect of the 1999 total solar eclipse on the ionosphere}",
journal = "Physics and Chemistry of the Earth, Part C: Solar, Terrestrial \& Planetary Science ",
volume = "26",
number = "5",
pages = "373 - 377",
year = "2001",
note = "",
issn = "1464-1917",
author = "R. A. Bamford"
}


@article{Afraimovich2000,
author = {Afraimovich, E.L. and Palamartchouk, K.S. and Perevalova, N.P. and Chernukhov, V.V. and a.V. Lukhnev and Zalutsky, V.T.},
issn = {02731177},
journal = {Advances in Space Research},
month = jan,
number = {6},
pages = {997--1000},
title = {{Ionospheric effects of the solar eclipse of March 9, 1997, as deduced from data from the GPS-radio interferometer at Irkutsk}},
volume = {26},
year = {2000}
}


@article{Afraimovich2001,
author = {Afraimovich, E.L. and Kosogorov, E.a. and Lesyuta, O.S.},
issn = {02731177},
journal = {Advances in Space Research},
month = jan,
number = {6-7},
pages = {1351--1354},
title = {{Ionospheric effects of the August 11, 1999 total solar eclipse as deduced from European GPS network data}},
volume = {27},
year = {2001}
}


@article{Chandra2007,
author = {Chandra, H and Sharma, Som and Lele, P D and Rajaram, G and Hanchinal, Arun},
number = {August 1999},
pages = {59--64},
journal = {Earth Planets Space},
title = {{Ionospheric measurements during the total solar eclipse of 11 August 1999}},
volume = {1980},
year = {2007}
}

@article{Chandra1971,
title = "{Equatorial ionospheric drift and the electrojet}",
journal = "Planetary and Space Science ",
volume = "19",
number = "11",
pages = "1497 - 1503",
year = "1971",
note = "",
issn = "0032-0633",
author = "H. Chandra and R.K. Misra and R.G. Rastogi"
}


@article{Sharma2010,
author = {Sharma, Shweta and Dashora, N. and Galav, P. and Pandey, R.},
file = {:H$\backslash$:/eclipse\_pdf/July22,2009.pdf:pdf},
issn = {13646826},
journal = {Journal of Atmospheric and Solar-Terrestrial Physics},
month = dec,
number = {18},
pages = {1387--1392},
publisher = {Elsevier},
title = {{Total solar eclipse of July 22, 2009: Its impact on the total electron content and ionospheric electron density in the Indian zone}},
volume = {72},
year = {2010}
}



@article {Ding2010,
author = {Ding, Feng and Wan, Weixing and Ning, Baiqi and Liu, Libo and Le, Huijun and Xu, Guirong and Wang, Min and Li, Guozhu and Chen, Yiding and Ren, Zhipeng and Xiong, Bo and Hu, Lianhuan and Yue, Xinan and Zhao, Biqiang and Li, Fengqin and Yang, Min},
title = "{GPS TEC response to the 22 July 2009 total solar eclipse in East Asia}",
journal = {Journal of Geophysical Research: Space Physics},
volume = {115},
number = {A7},
issn = {2156-2202},
pages = {},
keywords = {TEC, solar eclipse},
year = {2010},
}


@article{Salah1986,
author = {Salah, J. E. and Oliver, W. L. and Foster, J. C. and Holt, J. M. and Emery, B. a. and Roble, R. G.},
issn = {0148-0227},
journal = {Journal of Geophysical Research},
number = {A2},
pages = {1651--1660},
title = {{Observations of the May 30, 1984, annular solar eclipse at Millstone Hill}},
volume = {91},
year = {1986}
}



@article{Momani2010,
author = {Momani, Mohammad Awad and Yatim, Baharudin and {Mohd Ali}, Mohamad Alauddin},
issn = {0148-0227},
journal = {Journal of Geophysical Research},
month = aug,
number = {A8},
pages = {A08321},
title = {{Ionospheric and geomagnetic response to the total solar eclipse on 1 August 2008 over Northern Hemisphere}},
volume = {115},
year = {2010},
}

@article{Momani2011,
author = {Momani, M. A. and Sulaiman, S.},
issn = {2231-8844},
journal = {Journal of Advanced Science and Engineering Research},
month = {Dec},
number = {2011},
pages = {238 - 245},
title = "{Ionospheric Response to The Annular Solar Eclipse on 15th January 2010 As Observed by Ionosonde Receivers}",
volume = {1},
year = {2011},
}


@article{Tomas2008,
title = "{What are the influences of solar eclipses on the equatorial electrojet?}",
journal = "Journal of Atmospheric and Solar-Terrestrial Physics ",
volume = "70",
number = "11–12",
pages = {1497--1511},
year = "2008",
note = "",
issn = "1364-6826",
author = {Tom\'{a}s, A. T. and L\"{u}hr, H. and Rother, M. and Manoj, C. and Olsen, N. and Watari, S.},
}

@article{Tomas2007,
  title="{Observations of the low-latitude solar eclipse on 8 April 2005 by CHAMP}",
  author={Tom\'{a}s, A. T. and L\"{u}hr, H. and F\"{o}rster, M. and Rentz, S. and Rother, M.},
  journal={Journal of geophysical research},
  volume={112},
  number={A6},
  pages={A06303},
  year={2007},
  issn = {2156-2202},
  publisher={American Geophysical Union}
}


@article {JGRA:JGRA18719,
author = {Tomás, A. T. and Lühr, H. and Förster, M. and Rentz, S. and Rother, M.},
title = {Observations of the low-latitude solar eclipse on 8 April 2005 by CHAMP},
journal = {Journal of Geophysical Research: Space Physics},
volume = {112},
number = {A6},
issn = {2156-2202},
pages = {},
year = {2007},
}


@article{Korenkov2003,
author = {Korenkov, Yu.N. and Klimenko, V.V. and Bessarab, F.S. and Nutsvalyan, N.S. and Stanislawska, I.},
issn = {02731177},
journal = {Advances in Space Research},
month = jan,
number = {4},
pages = {995--1000},
title = {{Model/data comparison of the F2-region parameters for the 11 August 1999 solar eclipse}},
volume = {31},
year = {2003}
}



@article {Adeniyi2007,
author = {Adeniyi, J. O. and Radicella, S. M. and Adimula, I. A. and Willoughby, A. A. and Oladipo, O. A. and Olawepo, O.},
title = "{Signature of the 29 March 2006 eclipse on the ionosphere over an equatorial station}",
journal = {Journal of Geophysical Research: Space Physics},
volume = {112},
number = {A6},
issn = {2156-2202},
pages = {A06314},
year = {2007},
}



@article{Le2008b,
author = {Le, Huijun and Liu, Libo and Yue, Xinan and Wan, Weixing},
issn = {0148-0227},
journal = {Journal of Geophysical Research},
month = aug,
number = {A8},
pages = {A08309},
title = {{The midlatitude F2 layer during solar eclipses: Observations and modeling}},
volume = {113},
year = {2008}
}


@article{Tsai1999,
author = {Tsai, H. F. and Liu, J. Y.},
issn = {0148-0227},
journal = {Journal of Geophysical Research},
number = {A6},
pages = {12657},
title = {{Ionospheric total electron content response to solar eclipses}},
volume = {104},
year = {1999}
}



@article{Skinner19691333,
title = "{A new analysis of eclipse effects in the equatorial F-region}",
journal = "Journal of Atmospheric and Terrestrial Physics ",
volume = "31",
number = "11",
pages = "1333 - 1344",
year = "1969",
note = "",
issn = "0021-9169",
author = "N. J. Skinner"
}


@article {Klobuchar1965,
author = {Klobuchar, J. A. and Whitney, H. E.},
title = "{Ionospheric electron content measurements during a solar eclipse}",
journal = {Journal of Geophysical Research},
volume = {70},
number = {5},
issn = {2156-2202},
pages = {1254--1257},
year = {1965},
}




@article{MadhavHaridas2012,
author = {{Madhav Haridas}, M. K. and Manju, G.},
issn = {0148-0227},
journal = {Journal of Geophysical Research},
number = {A1},
pages = {A01302},
title = {{On the response of the ionospheric F region over Indian low-latitude station Gadanki to the annular solar eclipse of 15 January 2010}},
volume = {117},
year = {2012}
}


@article{Pal2012,
author = {Pal, Sujay and Chakrabarti, Sandip K. and Mondal, Sushanta K.},
issn = {02731177},
journal = {Advances in Space Research},
month = jul,
number = {2},
pages = {196--204},
publisher = {COSPAR},
title = {{Modeling of sub-ionospheric VLF signal perturbations associated with total solar eclipse, 2009 in Indian subcontinent}},
volume = {50},
year = {2012}
}

@article{Subrahmanyam2013,
  title="{Delayed effects of annular solar eclipse of 15 January 2010 on the tropospheric and lower stratospheric winds along the eclipse path}",
  author={Subrahmanyam, K. V. and Kumar, K. K. and Ramkumar, G.},
  journal={Atmospheric Research},
  volume={122},
  pages={1--7},
  year={2013},
}



@article {Manju2014,
author = {Manju, G. and Madhav Haridas, M. K. and Ramkumar, G. and Pant, Tarun K. and Sridharan, R. and Sreelatha, P.},
title = "{Gravity wave signatures in the dip equatorial ionosphere-thermosphere system during the annular solar eclipse of 15 January 2010}",
journal = {Journal of Geophysical Research: Space Physics},
volume = {119},
number = {6},
issn = {2169-9402},
pages = {4929--4937},
year = {2014},
}

@article{Manju2012,
author = {Manju, G. and Sridharan, R. and Ravindran, Sudha and {Madhav Haridas}, M.K. and Pant, Tarun K. and Sreelatha, P. and {Mohan Kumar}, S.V.},
issn = {13646826},
journal = {Journal of Atmospheric and Solar-Terrestrial Physics},
pages = {56--64},
title = "{Rocket borne in-situ Electron density and Neutral Wind measurements in the equatorial ionosphere-Results from the January 2010 annular solar eclipse campaign from India}",
volume = {86},
year = {2012}
}



@article{Lin2012,
author = {Lin, C. -Y. and Liu, J. -Y. and Lin, C. -H. and Sun, Y. -Y. and Araujo-pradere, E. A. and Kakinami, Y.},
issn = {13438832},
journal = {Earth, Planets and Space},
month = jul,
number = {6},
pages = {513--520},
title = "{Using the IRI, the MAGIC model, and the co-located ground-based GPS receivers to study ionospheric solar eclipse and storm signatures on July 22, 2009}",
volume = {64},
year = {2012}
}


@article {Le2010,
author = {Le, Huijun and Liu, Libo and Ding, Feng and Ren, Zhipeng and Chen, Yiding and Wan, Weixing and Ning, Baiqi and Xu, Guirong and Wang, Min and Li, Guozhu and Xiong, Bo and Hu, Lianhuan},
title = "{Observations and modeling of the ionospheric behaviors over the east Asia zone during the 22 July 2009 solar eclipse}",
journal = {Journal of Geophysical Research: Space Physics},
volume = {115},
number = {A10313},
issn = {2156-2202},
pages = {1--7},
year = {2010},
}


@article {St.-Maurice2011,
author = {St.-Maurice, J. -P. and Ambili, K. M. and Choudhary, R. K.},
title = "{Local electrodynamics of a solar eclipse at the magnetic equator in the early afternoon hours}",
journal = {Geophysical Research Letters},
volume = {38},
number = {L04102},
issn = {1944-8007},
year = {2011},
}


@article {Choudhary2011,
author = {Choudhary, R. K. and St.-Maurice, J. -P. and Ambili, K. M. and Sunda, Surendra and Pathan, B. M.},
title = "{The impact of the January 15, 2010, annular solar eclipse on the equatorial and low latitude ionospheric densities}",
journal = {Journal of Geophysical Research: Space Physics},
volume = {116},
number = {A9},
page = {A09309},
issn = {2156-2202},
year = {2011},
}



@article {Galav2010,
author = {Galav, P. and Sharma, S. and Pandey, R.},
title = "{Total electron content in peninsular India during the eclipse of 15 January 2010}",
journal = {Current Science},
volume = {99},
number = {6},
pages = {731--732},
year = {2010},
}


@Article{SanjayKumar2013,
AUTHOR = {Kumar, S. and Singh, A. K. and Singh, R. P.},
TITLE = "{Ionospheric response to total solar eclipse of 22 July 2009 in different Indian regions}",
JOURNAL = {Annales Geophysicae},
VOLUME = {31},
YEAR = {2013},
NUMBER = {9},
PAGES = {1549--1558},
}


@article{Bamford2001,
author = {Bamford, R.a.},
issn = {14641917},
journal = {Physics and Chemistry of the Earth, Part C: Solar, Terrestrial \& Planetary Science},
month = jan,
number = {5},
pages = {373--377},
title = {{The effect of the 1999 total solar eclipse on the ionosphere}},
volume = {26},
year = {2001}
}


@article{Szendrei1956,
title = "{Recombination and attachment in the F1 and F2 layers during the solar eclipse of 25 December 1954}",
journal = "Journal of Atmospheric and Terrestrial Physics ",
volume = "9",
number = "2–3",
pages = "118 - 130",
year = "1956",
note = "",
issn = "0021-9169",
author = "Szendrei, M. E. and McElhinny, M. W."
}

@article{Abidin2006,
author = {Rashid, Z. A. and Momani, M. A. and Sulaiman, S. and Ali, M. A. M. and Yatim, B. and Fraser, G. and Sato, N.},
issn = {13646826},
journal = {Journal of Atmospheric and Solar-Terrestrial Physics},
month = jul,
number = {11},
pages = {1219--1236},
title = {{GPS ionospheric TEC measurement during the 23rd November 2003 total solar eclipse at Scott Base Antarctica}},
volume = {68},
year = {2006}
}


@article{chapman1951,
year={1951},
issn={0066-6416},
journal={Archiv für Meteorologie, Geophysik und Bioklimatologie, Serie A},
volume={4},
number={1},
title={{The equatorial electrojet as detected from the abnormal electric current distribution above Huancayo, Peru, and elsewhere}},
publisher={Springer-Verlag},
author={Chapman, S.},
pages={368-390},
}


@ARTICLE{Appleton1946,
   author = {{Appleton}, E.~V.},
    title = "{Two Anomalies in the Ionosphere}",
  journal = {Nature},
     year = 1946,
   volume = 157,
    pages = {691},
}



@ARTICLE{Deshpande1977,
   author = {{Deshpande}, M.~R. and {Rastogi}, R.~G. and {Vats}, H.~O. and 
	{Sethia}, G. and {Klobuchar}, J.~A. and {Jain}, A.~R. and {Subbarao}, B.~S. and 
	{Patwari}, V.~M. and {Janve}, A.~V. and {Rai}, R.~K.},
    title = "{Effect of electrojet on the total electron content of the ionosphere over the Indian subcontinent}",
  journal = {Nature},
     year = 1977,
    month = jun,
   volume = 267,
    pages = {599},
}


@ARTICLE{Mitra1946,
   author = {{Mitra}, S.~K.},
    title = "{Geomagnetic Control of Region F$_{2}$ of the Ionosphere}",
  journal = {Nature},
     year = 1946,
    month = nov,
   volume = 158,
    pages = {668-669},
}



@ARTICLE{Martyn1947,
   author = {{Martyn}, D.~F.},
    title = "{Atmospheric Tides in the Ionosphere. I. Solar Tides in the F$_{2}$ Region}",
  journal = {Royal Society of London Proceedings Series A},
     year = 1947,
    month = apr,
   volume = 189,
    pages = {241-260},
}


@ARTICLE{Hargreaves1995,
   author = {{Hargreaves}, J.~K.},
    title = "{The solar-terrestrial environment. An introduction to geospace - the science of the terrestrial upper atmosphere, ionosphere and magnetosphere.}",
  journal = {Camb.~Atmos.~Space Sci.~Ser., Vol.~5,},
 keywords = {Solar-Terrestrial Relations},
     year = 1995,
   volume = 5,
 }


@article{Gouin1967,
author = {Gouin, P. and Mayaud, P. N. },
issn = {14641917},
journal = {Ann. Geophys.},
number = {},
pages = {41--47},
title = {{A propos de l'existence possible d'un contre electrojet aux latitudes magnetiques equatoriales}},
volume = 23,
year =1967,
}

@article{SavitzkyGolay1964,
author = {Savitzky, A. and Golay, M. J. E.},
title = {Smoothing and Differentiation of Data by Simplified Least Squares Procedures.},
journal = {Analytical Chemistry},
volume = {36},
number = {8},
pages = {1627-1639},
year = {1964},
}

@article{Sauli2007,
title = "{Acoustic–gravity waves during solar eclipses: Detection and characterization using wavelet transforms}",
journal = "{Journal of Atmospheric and Solar-Terrestrial Physics}",
volume = "69",
number = "17–18",
pages = "2465 - 2484",
year = "2007",
issn = "1364-6826",
author = "P. Šauli and S.G. Roux and P. Abry and J. Boška",
}

@article{Goodwin1978,
title = "{Atmospheric gravity waves generated during a solar eclipse}",
journal = "{Nature}",
volume = "275",
pages = "109–111",
year = "1978",
author = "Goodwin, G. L. and Hobson, G. J.",
}

@article{Walker1991,
title = "{Ionospheric and geomagnetic effects of the solar eclipse of 18 March 1988 in East Asia }",
journal = "Journal of Atmospheric and Terrestrial Physics ",
volume = "53",
number = "1–2",
pages = {25--37},
year = "1991",
issn = "0021-9169",
author = "Walker, G. O. and Li, T. Y. Y. and Wong, Y. W. and Kikuchi, T. and Huang, Y. N. "
}

@article {Chimonas1970,
author = {Chimonas, G. and Hines, C. O.},
title = {Atmospheric gravity waves induced by a solar eclipse},
journal = {Journal of Geophysical Research},
volume = {75},
number = {4},
issn = {2156-2202},
pages = {875--875},
year = {1970},
}

@article{Dutta2011,
title = "{Response of tropical lower atmosphere to annular solar eclipse of 15 January, 2010}",
journal = "Journal of Atmospheric and Solar-Terrestrial Physics ",
volume = "73",
number = "13",
pages = "1907 - 1914",
year = "2011",
note = "",
issn = "1364-6826",
author = "Dutta, G. and P. Vinay Kumar and M. Venkat Ratnam and S. Mohammad and M. C. Ajay Kumar and P. V. Rao and K. Rahaman and H. A. Basha",
}



@techreport{eclipsepathEspenak,
title = {{Annular and total solar eclipses of 2010}},
author = {Espenak, F. and J. Anderson},
year = {2008},
number = "{NASA TP-2008-214171}",
institution = {Goddard Space Flight Center, Greenbelt, MD},
pages = "1 - 90",     
}

@article {Sumod2011,
author = {Sumod, S. G. and Pant, T. K. and Vineeth, C. and Hossain, M. M. and Antonita, M.},
title = {Response of the tropical mesopause to the longest annular solar eclipse of this millennium},
journal = {Journal of Geophysical Research: Space Physics},
volume = {116},
number = {},
issn = {2156-2202},
pages = {A06317},
year = {2011},
}


@article{Mayaud1977,
title = "{The equatorial counter-electrojet - A review of its geomagnetic aspects}",
journal = "Journal of Atmospheric and Terrestrial Physics ",
volume = "39",
number = "9–10",
pages = "1055 - 1070",
year = "1977",
note = "",
issn = "0021-9169",
author = "Mayaud, P. N."
}


@article{Reddy1981,
title = "{The equatorial electrojet: a review of the ionospheric and geomagnetic aspects}",
journal = "Journal of Atmospheric and Terrestrial Physics ",
volume = "43",
number = "5–6",
pages = "557 - 571",
year = "1981",
issn = "0021-9169",
author = "Reddy, C. A."
}


@article{Titheridge1973,
title = "The slab thickness of the mid-latitude ionosphere ",
journal = "Planetary and Space Science ",
volume = "21",
number = "10",
pages = {1775--1793},
year = "1973",
issn = "0032-0633",
author = "Titheridge, J. E."
}


@article {Davies1991,
author = {Davies, K. and Liu, X. M.},
title = {Ionospheric slab thickness in middle and low latitudes},
journal = {Radio Science},
volume = {26},
number = {4},
issn = {1944-799X},
pages = {997--1005},
year = {1991},
}

@Article{Venkatesh2011,
AUTHOR = {Venkatesh, K. and Rama Rao, P. V. S. and Prasad, D. S. V. V. D. and Niranjan, K. and Saranya, P. L.},
TITLE = "{Study of TEC, slab-thickness and neutral temperature of the thermosphere in the Indian low latitude sector}",
JOURNAL = {Annales Geophysicae},
VOLUME = {29},
YEAR = {2011},
NUMBER = {9},
PAGES = {1635--1645},
}

@article {GAIM2004,
author = {Schunk, Robert W. and Scherliess, Ludger and Sojka, Jan J. and Thompson, Donald C. and Anderson, David N. and Codrescu, Mihail and Minter, Cliff and Fuller-Rowell, Timothy J. and Heelis, Roderick A. and Hairston, Marc and Howe, Bruce M.},
title = "{Global Assimilation of Ionospheric Measurements (GAIM)}",
journal = {Radio Science},
volume = {39},
number = {1},
issn = {1944-799X},
pages = {},
keywords = {ionosphere, assimilation, Kalman filter, plasmasphere},
year = {2004},
}

@article {Titheridge1988,
author = {Titheridge, J. E.},
title = {The real height analysis of ionograms: A generalized formulation},
journal = {Radio Science},
volume = {23},
number = {5},
issn = {1944-799X},
pages = {831--849},
year = {1988},
}

@ARTICLE{Antonova1995,
   author = {{Antonova}, V.~P. and {Zusmanovich}, A.~G.},
    title = "{Fluctuations of Cosmic Rays of the Geophysical Origin}",
  journal = {International Cosmic Ray Conference},
     year = 1995,
   volume = 4,
    pages = {1094},
}



@article{Bhuyan2009,
title = "{The equatorial ionization anomaly at the topside F region of the ionosphere along $75^{\circ}$E} ",
journal = "{Advances in Space Research} ",
volume = "43",
number = "11",
pages = "1676 - 1682",
year = "2009",
issn = "0273-1177",
author = "Bhuyan, P. K. and Bhuyan, K.",
keywords = "Ionosphere",
keywords = "Topside ionosphere",
keywords = "Equatorial ionization anomaly (EIA)",
keywords = "Equatorial electrojet (EEJ)",
keywords = "\{SROSS\} \{C2\} "
}

@article {Bhaskar2013,
author = {Bhaskar, A. and Vichare, G.},
title = "{Characteristics of penetration electric fields to the equatorial ionosphere during southward and northward IMF turnings}",
journal = "{Journal of Geophysical Research: Space Physics}",
volume = {118},
number = {7},
issn = {2169-9402},
pages = {4696--4709},
keywords = {prompt penetration electric field, southward and northward IMF turnings, communication time, ionospheric reconfiguration time},
year = {2013},
}

@article {Hajra2009,
author = {Hajra, R. and Chakraborty, S. K. and Paul, A.},
title = "{Electrodynamical control of the ambient ionization near the equatorial anomaly crest in the Indian zone during counter electrojet days}",
journal = {Radio Science},
volume = {44},
number = {3},
issn = {1944-799X},
keywords = {total electron content, counter electrojet},
year = {2009},
}


@article {Dabas1984,
author = {Dabas, R. S. and Bhuyan, P. K. and Tyagi, T. R. and Bhardwaj, R. K. and Lal, J. B.},
title = "{Day-to-day changes in ionospheric electron content at low latitudes}",
journal = {Radio Science},
volume = {19},
number = {3},
issn = {1944-799X},
pages = {749--756},
year = {1984},
}

@article {Bartels1940,
author = {Bartels, J. and Johnston, H. F.},
title = "{Geomagnetic tides in horizontal intensity at Huancayo}",
journal = {Terrestrial Magnetism and Atmospheric Electricity},
volume = {45},
number = {3},
issn = {0096-8013},
pages = {269--308},
year = {1940},
}

@article {Egedal1947,
author = {Egedal, J.},
title = "{The magnetic diurnal variation of the horizontal force near the magnetic equator}",
journal = {Terrestrial Magnetism and Atmospheric Electricity},
volume = {52},
number = {4},
issn = {0096-8013},
pages = {449--451},
year = {1947},
}

@article{Fambitakoye1976,
title = "{Equatorial electrojet and regular daily variation SR—I. A determination of the equatorial electrojet parameters}",
journal = "Journal of Atmospheric and Terrestrial Physics ",
volume = "38",
number = "1",
pages = "1 - 17",
year = "1976",
note = "",
issn = "0021-9169",
author = "Fambitakoye, O. and Mayaud, P. N."
}


@article{Adewale2012,
title = "{Solar activity dependence of total electron content derived from GPS observations over Mbarara}",
journal = "Advances in Space Research ",
volume = "50",
number = "4",
pages = "415 - 426",
year = "2012",
note = "",
issn = "0273-1177",
author = "Adewale, A. O. and Oyeyemi, E. O. and Olwendo, J.",
}

@article{Chuo2007,
title = "{The variation of ionospheric slab thickness over equatorial ionization area crest region}",
journal = "Journal of Atmospheric and Solar-Terrestrial Physics ",
volume = "69",
number = "8",
pages = "947 - 954",
year = "2007",
note = "",
issn = "1364-6826",
author = "Chuo, Y. J.",
}


@article{Burmaka2006,
year={2006},
issn={0016-7932},
journal={Geomagnetism and Aeronomy},
volume={46},
number={2},
doi={10.1134/S0016793206020083},
title="{Wave-like processes in the ionosphere under quiet and disturbed conditions. 2. Analysis of observations and simulation}",
url={http://dx.doi.org/10.1134/S0016793206020083},
publisher={Nauka/Interperiodica},
keywords={M94.20.Tt},
author={Burmaka, V. P. and Taran, V. I. and Chernogor, L. F.},
pages={199-208},
}

@Article{Zerefos2007,
AUTHOR = {Zerefos, C. S. and Gerasopoulos, E. and Tsagouri, I. and Psiloglou, B. and Belehaki, A. and Herekakis, T. and Bais, A. and Kazadzis, S. and Eleftheratos, C. and Kalivitis, N. and Mihalopoulos, N.},
TITLE = "{Evidence of gravity waves into the atmosphere during the March 2006 total solar eclipse}",
JOURNAL = {Atmospheric Chemistry and Physics Discussions},
VOLUME = {7},
YEAR = {2007},
NUMBER = {3},
PAGES = {7603--7624},
}


@article {Altadill2001,
author = {Altadill, D. and Solé, J. G. and Apostolov, E. M.},
title = "{Vertical structure of a gravity wave like oscillation in the ionosphere generated by the solar eclipse of August 11, 1999}",
journal = {Journal of Geophysical Research: Space Physics},
volume = {106},
number = {A10},
issn = {2156-2202},
pages = {21419--21428},
year = {2001},
}


@article {Arendt1971,
author = {Arendt, P. R.},
title = "{Ionosphere-gravity wave interactions during the March 7, 1970, solar eclipse}",
journal = {Journal of Geophysical Research},
volume = {76},
number = {19},
issn = {2156-2202},
pages = {4695--4697},
keywords = {Aeronomy: Waves, Ionosphere: Disturbances},
year = {1971},
}


@article{Goodwin1995,
title = "{GPS satellite measurements: ionospheric slab thickness and total electron content}",
journal = "Journal of Atmospheric and Terrestrial Physics ",
volume = "57",
number = "14",
pages = "1723 - 1732",
year = "1995",
issn = "0021-9169",
author = "Goodwin, G. L. and Silby, J. H. and Lynn, K. J. W. and Breed, A. M. and Essex, E. A."
}


@article{Liu2000,
title = "{Modeling of the Ionospheric Response to the Solar Eclipse of 24 October 1995}",
journal = "TAO",
volume = "11",
number = "2",
pages = "543-554",
year = "2000",
issn = "2311-7680",
author = "Liu, Li-Bo. and Wan, Wei-Xing. and Tu, Jian-Nan. and Bao, Zong-Ti."
}


@incollection{Rastogi19899,
author = "Rastogi, R. G.",
title = "{The equatorial electrojet: magnetic and ionospheric
effects}",
editor = "Jacobs, J.",
booktitle = " Geomagnetism, vol. 3.",
publisher = "Academic Press",
address = "SanDiego, CA",
year = 1989,
pages ={461-525}
}

@article {Rao1958,
author = {Rao, K. S. Raja and Sivaraman, K. R.},
title = "{Lunar geomagnetic tides at Kodaikanal}",
journal = {Journal of Geophysical Research},
volume = {63},
number = {4},
issn = {2156-2202},
pages = {727--730},
year = {1958},
}

@article{gouin1960preliminary,
  title={Preliminary determination of the lunar diurnal influence on the geomagnetic components H, D, and Z at Addis Ababa},
  author={Gouin, P},
  journal={Bull. Geophys. Obs., Univ. Coll. Addis Ababa},
  volume={2},
  pages={1--8},
  year={1960}
}

@article{onwumechilli1959variations,
  title={Variations in the geomagnetic field at Ibadan, Nigeria—II Lunar and luni-solar variations in< i> H</i> and< i> Z</i>},
  author={Onwumechilli, CA and Alexander, NS},
  journal={Journal of Atmospheric and Terrestrial Physics},
  volume={16},
  number={1},
  pages={115--123},
  year={1959},
  publisher={Elsevier}
}


@article{banks1973,
 title={Aeronomy.},
 author={Banks, P. M. and Kockarts, G.},
 journal={Acad. Press, San Diego, Calif},
 volume={1},
 year={1973}
}

@article{Stankov2009,
  title="{Ionospheric slab thickness--Analysis, modelling and monitoring}",
  author={Stankov, S. M. and Warnant, R.},
  journal={Advances in Space Research},
  volume={44},
  number={11},
  pages={1295--1303},
  year={2009},
}

@article {Farley1986,
author = {Farley, D. T. and Bonelli, E. and Fejer, B. G. and Larsen, M. F.},
title = "{The prereversal enhancement of the zonal electric field in the equatorial ionosphere}",
journal = {Journal of Geophysical Research: Space Physics},
volume = {91},
number = {A12},
pages = {13723--13728},
year = {1986},
}

@article {KrishnaMurthy1990,
author = {Krishna Murthy, B. V. and Hari, S. S. and Somayajulu, V. V.},
title = "{Nighttime equatorial thermospheric meridional winds from ionospheric h'F data}",
journal = {Journal of Geophysical Research: Space Physics},
volume = {95},
number = {A4},
pages = {4307--4310},
year = {1990},
}


@article{Rastogi1974,
title = "{Lunar effects in the counter electrojet near the magnetic equator}",
journal = "Journal of Atmospheric and Terrestrial Physics ",
volume = "36",
number = "1",
pages = "167 - 170",
year = "1974",
author = "R.G Rastogi"
}

@article {Vineeth2007,
author = {Vineeth, C. and Pant, Tarun Kumar and Devasia, C. V. and Sridharan, R.},
title = "{Highly localized cooling in daytime mesopause temperature over the dip equator during counter electrojet events: First results}",
journal = {Geophysical Research Letters},
volume = {34},
number = {14},
issn = {1944-8007},
pages = {L14101},
year = {2007},
}

@article {Yamazaki2012,
author = {Yamazaki, Y. and Richmond, A. D. and Yumoto, K.},
title = "{Stratospheric warmings and the geomagnetic lunar tide: 1958-2007}",
journal = {Journal of Geophysical Research: Space Physics},
volume = {117},
number = {A4},
issn = {2156-2202},
pages = {A04301},
year = {2012},
}



@article{Adewale2012,
title = {Solar activity dependence of total electron content derived from GPS observations over Mbarara},
journal = "Advances in Space Research ",
volume = "50",
number = "4",
pages = "415 - 426",
year = "2012",
note = "",
issn = "0273-1177",
author = "Adewale, A. O. and Oyeyemi, E. O. and Olwendo, J.",
}doi = {http://dx.doi.org/10.1016/j.asr.2012.05.006},

@article{chapman1951,
year={1951},
issn={0066-6416},
journal={Archiv f\"{u}r Meteorologie, Geophysik und Bioklimatologie, Serie A},
volume={4},
number={1},
title={{The equatorial electrojet as detected from the abnormal electric current distribution above Huancayo, Peru, and elsewhere}},
author={Chapman, S.},
pages={368-390},
}url={http://dx.doi.org/10.1007/BF02246814},doi={10.1007/BF02246814},

@article {Gonzalez1994,
author = {Gonzalez, W. D. and Joselyn, J. A. and Kamide, Y. and Kroehl, H. W. and Rostoker, G. and Tsurutani, B. T. and Vasyliunas, V. M.},
title = {{What is a geomagnetic storm?}},
journal = {Journal of Geophysical Research: Space Physics},
volume = {99},
number = {A4},
issn = {2156-2202},
pages = {5771--5792},
year = {1994},
}doi = {10.1029/93JA02867},url = {http://dx.doi.org/10.1029/93JA02867},

@article {Kamide1977,
author = {Kamide, Y. and Perreault, P. D. and Akasofu, S. -I. and Winningham, J. D.},
title = {{Dependence of substorm occurrence probability on the interplanetary magnetic field and on the size of the auroral oval}},
journal = {Journal of Geophysical Research},
volume = {82},
number = {35},
issn = {2156-2202},
pages = {5521--5528},
year = {1977},
}doi = {10.1029/JA082i035p05521},url = {http://dx.doi.org/10.1029/JA082i035p05521},

@article{Gonzalez1987,
title = {{Criteria of interplanetary parameters causing intense magnetic storms (Dst < −100 nT)}},
journal = "Planetary and Space Science ",
volume = "35",
number = "9",
pages = "1101 - 1109",
year = "1987",
note = "",
issn = "0032-0633",
author = "Walter D. Gonzalez and Bruce T. Tsurutani"
}doi = "http://dx.doi.org/10.1016/0032-0633(87)90015-8",url = "http://www.sciencedirect.com/science/article/pii/0032063387900158",

@BOOK{Sugiura1964,
   author = {Sugiura, M.},
   title = {{Hourly values of equatorial Dst for the IGY}},
   volume = {35},
   series = {Annals of the International Geophysical Year},
   publisher = {Pergamon},
   address = {New York},
   edition = {},
   month = {},
   year = 1964,}

@article {Huang2005,
author = {Huang, Chao-Song and Foster, John C. and Kelley, Michael C.},
title = {{Long-duration penetration of the interplanetary electric field to the low-latitude ionosphere during the main phase of magnetic storms}},
journal = {Journal of Geophysical Research: Space Physics},
volume = {110},
number = {A11},
issn = {2156-2202},
pages = {},
keywords = {interplanetary electric field, ionospheric electric field, electric field penetration, magnetic storms, positive ionospheric storms},
year = {2005},
}doi = {10.1029/2005JA011202},url = {http://dx.doi.org/10.1029/2005JA011202},

@article {Blanc1980,
author = {Blanc, M. and Richmond, A.D.},
title = {{The ionospheric disturbance dynamo}},
journal = {Journal of Geophysical Research: Space Physics},
volume = {85},
number = {A4},
issn = {2156-2202},
pages = {1669--1686},
year = {1980},
}url = {http://dx.doi.org/10.1029/JA085iA04p01669},doi = {10.1029/JA085iA04p01669},

@article {Fejer1979,
author = {Fejer, B.G. and Gonzales, C.A. and Farley, D.T. and Kelley, M.C. and Woodman, R.F.},
title = {{Equatorial electric fields during magnetically disturbed conditions 1. The effect of the interplanetary magnetic field}},
journal = {Journal of Geophysical Research: Space Physics},
volume = {84},
number = {A10},
issn = {2156-2202},
pages = {5797--5802},
year = {1979},
}url = {http://dx.doi.org/10.1029/JA084iA10p05797},doi = {10.1029/JA084iA10p05797},

@article {Gonzales1979,
author = {Gonzales, C.A. and Kelley, M.C. and Fejer, B.G. and Vickrey, J.F. and Woodman, R.F.},
title = {{Equatorial electric fields during magnetically disturbed conditions 2. Implications of simultaneous auroral and equatorial measurements}},
journal = {Journal of Geophysical Research: Space Physics},
volume = {84},
number = {A10},
issn = {2156-2202},
pages = {5803--5812},
year = {1979},
}doi = {10.1029/JA084iA10p05803},url = {http://dx.doi.org/10.1029/JA084iA10p05803},


@article {Richmond1978,
author = {Richmond, A. D.},
title = {{Gravity wave generation, propagation, and dissipation in the thermosphere}},
journal = {Journal of Geophysical Research: Space Physics},
volume = {83},
number = {A9},
issn = {2156-2202},
pages = {4131--4145},
year = {1978},
}url = {http://dx.doi.org/10.1029/JA083iA09p04131},doi = {10.1029/JA083iA09p04131},


@article{Hajkowicz1983,
title = {{Conjugate effects in the generation of travelling ionospheric disturbances (TIDs) in the F-region}},
journal = "Planetary and Space Science ",
volume = "31",
number = "12",
pages = "1409 - 1413",
year = "1983",
note = "",
issn = "0032-0633",
author = "Hajkowicz, L. A."
}url = "http://www.sciencedirect.com/science/article/pii/0032063383900168",doi = "http://dx.doi.org/10.1016/0032-0633(83)90016-8",


@article {Hunsucker1982,
author = {Hunsucker, Robert D.},
title = {{Atmospheric gravity waves generated in the high-latitude ionosphere: A review}},
journal = {Reviews of Geophysics},
volume = {20},
number = {2},
issn = {1944-9208},
pages = {293--315},
year = {1982},
}url = {http://dx.doi.org/10.1029/RG020i002p00293},doi = {10.1029/RG020i002p00293},

@Article{Hocke1996,
AUTHOR = {Hocke, K. and Schlegel, K.},
TITLE = {{A review of atmospheric gravity waves and travelling ionospheric disturbances: 1982-1995}},
JOURNAL = {Annales Geophysicae},
VOLUME = {14},
YEAR = {1996},
NUMBER = {9},
PAGES = {917--940},
}URL = {http://www.ann-geophys.net/14/917/1996/},DOI = {10.1007/s00585-996-0917-6}


@article {Ding2008,
author = {Ding, F. and Wan, W. and Liu, L. and Afraimovich, E. L. and Voeykov, S. V. and Perevalova, N. P.},
title = {{A statistical study of large-scale traveling ionospheric disturbances observed by GPS TEC during major magnetic storms over the years 2003-2005}},
journal = {Journal of Geophysical Research: Space Physics},
volume = {113},
number = {A3},
issn = {2156-2202},
pages = {},
year = {2008},
}url = {http://dx.doi.org/10.1029/2008JA013037},doi = {10.1029/2008JA013037},

@article {Nishida1966,
author = {Nishida, A. and Iwasaki, N. and Nagata, T.},
title = {{The origin of fluctuations in the equatorial electrojet: A new type of geomagnetic variation}},
journal = {Ann. Geophys},
volume = {22},
number = {},
pages = {478--484},
year = {1966},
}


@article {Balan2010,
author = {Balan, N. and Shiokawa, K. and Otsuka, Y. and Kikuchi, T. and Vijaya Lekshmi, D. and Kawamura, S. and Yamamoto, M. and Bailey, G. J.},
title = {{A physical mechanism of positive ionospheric storms at low latitudes and midlatitudes}},
journal = {Journal of Geophysical Research: Space Physics},
volume = {115},
number = {A2},
issn = {2156-2202},
pages = {JA014515},
keywords = {ionospheric storms, equatorward wind, electric field},
year = {2010},
}url = {http://dx.doi.org/10.1029/2009JA014515},doi = {10.1029/2009JA014515},

@Article{Manju2009,
AUTHOR = {Manju, G. and Pant, T. K. and Ravindran, S. and Sridharan, R.},
TITLE = {{On the response of the equatorial and low latitude ionospheric regions in the Indian sector to the large magnetic disturbance of 29 October 2003}},
JOURNAL = {Annales Geophysicae},
VOLUME = {27},
YEAR = {2009},
NUMBER = {6},
PAGES = {2539--2544},
}


@article{VijayaLekshmi2008,
title = {{Response of the ionosphere to super geomagnetic storms: Observations and modeling}},
journal = "Advances in Space Research ",
volume = "41",
number = "4",
pages = "548 - 555",
year = "2008",
note = "",
issn = "0273-1177",
author = "Vijaya~Lekshmi, V and Balan, N. and Vaidyan, V. K. and Alleyne, H. and Bailey, G. J.",
}url = "http://www.sciencedirect.com/science/article/pii/S0273117707009106",doi = "http://dx.doi.org/10.1016/j.asr.2007.08.029",

@article{Hajra2010,
title = {{Ionospheric effects near the magnetic equator and the anomaly crest of the Indian longitude zone during a large number of intense geomagnetic storms}},
journal = "Journal of Atmospheric and Solar-Terrestrial Physics ",
volume = "72",
number = "17",
pages = "1299 - 1308",
year = "2010",
note = "",
issn = "1364-6826",
author = "Hajra, R. and Chakraborty, S. K.  and DasGupta, A. ",
}url = "http://www.sciencedirect.com/science/article/pii/S1364682610002750",doi = "http://dx.doi.org/10.1016/j.jastp.2010.09.015",


@article{Astafyeva2009,
title = {{Dayside ionospheric uplift during strong geomagnetic storms as detected by the CHAMP, SAC-C, TOPEX and Jason-1 satellites}},
journal = "Advances in Space Research ",
volume = "43",
number = "11",
pages = "1749 - 1756",
year = "2009",
note = "Ionosphere - Modelling, Forecasting, and Telecommunications I ",
issn = "0273-1177",
author = "Astafyeva, E. I.",}url = "http://www.sciencedirect.com/science/article/pii/S0273117709001355",doi = "http://dx.doi.org/10.1016/j.asr.2008.09.036",


@article{deAbreu2010,
title = {{Response of the ionospheric F-region in the Brazilian sector during the super geomagnetic storm in April 2000 observed by GPS}},
journal = "Advances in Space Research ",
volume = "45",
number = "11",
pages = "1322 - 1329",
year = "2010",
note = "",
issn = "0273-1177",
author = "de Abreu, A. J. and Sahai, Y. and Fagundes, P. R. and Becker-Guedes, F. and de Jesus, R. and Guarnieri, F. L.  and Pillat, V. G. ",
}url = "http://www.sciencedirect.com/science/article/pii/S0273117710001080",
doi = "http://dx.doi.org/10.1016/j.asr.2010.02.003",

@article{deJesus2012,
title = {{Ionospheric response of equatorial and low latitude F-region during the intense geomagnetic storm on 24–25 August 2005}},
journal = "Advances in Space Research ",
volume = "49",
number = "3",
pages = "518 - 529",
year = "2012",
note = "",
issn = "0273-1177",
author = "de Jesus, R. and Y. Sahai and F.L. Guarnieri and P.R. Fagundes and A.J. de Abreu and J.A. Bittencourt and T. Nagatsuma and C.-S. Huang and H.T. Lan and V.G. Pillat",
}url = "http://www.sciencedirect.com/science/article/pii/S0273117711007538",doi = "http://dx.doi.org/10.1016/j.asr.2011.10.020",

@article{Maltseva2012,
title = {{Use of TEC global maps and the IRI model to study ionospheric response to geomagnetic disturbances}},
journal = "Advances in Space Research ",
volume = "49",
number = "6",
pages = "1076 - 1087",
year = "2012",
note = "",
issn = "0273-1177",
author = "Maltseva, O. A. and N.S. Mozhaeva and O.S. Poltavsky and G.A. Zhbankov",
}url = "http://www.sciencedirect.com/science/article/pii/S0273117712000282",doi = "http://dx.doi.org/10.1016/j.asr.2012.01.005",



@article{Vlasov2003,
title = {{Analysis of ground-based and satellite observations of F-region behavior during the great magnetic storm of July 15, 2000}},
journal = "Journal of Atmospheric and Solar-Terrestrial Physics ",
volume = "65",
number = "11–13",
pages = "1223 - 1234",
year = "2003",
note = "",
issn = "1364-6826",
author = "Vlasov, M. and Kelley, M. C.  and Kil, H.",
}url = "http://www.sciencedirect.com/science/article/pii/S1364682603001780",doi = "http://dx.doi.org/10.1016/j.jastp.2003.08.012",


@article {Zhao2008,
author = {Zhao, B. and Wan, W. and Tschu, K. and Igarashi, K. and Kikuchi, T. and Nozaki, K. and Watari, S. and Li, G. and Paxton, L. J. and Liu, L. and Ning, B. and Liu, J.-Y. and Su, S.-Y. and Bulanon, Harold P.},
title = {{Ionosphere disturbances observed throughout Southeast Asia of the superstorm of 20–22 November 2003}},
journal = {Journal of Geophysical Research: Space Physics},
volume = {113},
number = {A3},
issn = {2156-2202},
pages = {},
keywords = {magnetic storm, ionospheric disturbance, mid-low latitudes},
year = {2008},
}url = {http://dx.doi.org/10.1029/2008JA013054},doi = {10.1029/2008JA013054},


@article {Lu2008,
author = {Lu, G. and Goncharenko, L. P. and Richmond, A. D. and Roble, R. G. and Aponte, N.},
title = {{A dayside ionospheric positive storm phase driven by neutral winds}},
journal = {Journal of Geophysical Research: Space Physics},
volume = {113},
number = {A8},
issn = {2156-2202},
pages = {},
keywords = {Positive storm phase, ionospheric disturbance},
year = {2008},
}url = {http://dx.doi.org/10.1029/2007JA012895},doi = {10.1029/2007JA012895},


@article {Balan2009,
author = {Balan, N. and Shiokawa, K. and Otsuka, Y. and Watanabe, S. and Bailey, G. J.},
title = {{Super plasma fountain and equatorial ionization anomaly during penetration electric field}},
journal = {Journal of Geophysical Research: Space Physics},
volume = {114},
number = {A3},
issn = {2156-2202},
pages = {},
keywords = {super plasma fountain, ionisation anomaly},
year = {2009},
}url = {http://dx.doi.org/10.1029/2008JA013768},doi = {10.1029/2008JA013768},


@article{Trivedi2011,
title = {{Study of TEC changes during geomagnetic storms occurred near the crest of the equatorial ionospheric ionization anomaly in the Indian sector}},
journal = "Advances in Space Research ",
volume = "48",
number = "10",
pages = "1617--1630",
year = "2011",
note = "",
issn = "0273-1177",
author = "Trivedi, R. and Jain, A. and Jain, S. and Gwal, A. K.",
}url = "http://www.sciencedirect.com/science/article/pii/S0273117711005813",doi = "http://dx.doi.org/10.1016/j.asr.2011.08.008",


@article{Kumar2011,
title = {{GPS derived ionospheric TEC response to geomagnetic storm on 24 August 2005 at Indian low latitude stations}},
journal = "Advances in Space Research ",
volume = "47",
number = "4",
pages = "710 - 717",
year = "2011",
note = "",
issn = "0273-1177",
author = "Kumar, S. and Singh, A. K. ",
}url = "http://www.sciencedirect.com/science/article/pii/S0273117710006940",doi = "http://dx.doi.org/10.1016/j.asr.2010.10.015",


@Article{Sharma2011,
AUTHOR = {Sharma, S. and Galav, P. and Dashora, N. and Pandey, R.},
TITLE = {{Longitudinal study of the ionospheric response to the geomagnetic storm of 15 May 2005 and manifestation of TADs}},
JOURNAL = {Annales Geophysicae},
VOLUME = {29},
YEAR = {2011},
NUMBER = {6},
PAGES = {1063--1070},
}URL = {http://www.ann-geophys.net/29/1063/2011/},DOI = {10.5194/angeo-29-1063-2011}


@article {VijayaLekshmi2011,
author = {Vijaya~Lekshmi, D. and Balan, N. and Tulasi Ram, S. and Liu, J. Y.},
title = {{Statistics of geomagnetic storms and ionospheric storms at low and mid latitudes in two solar cycles}},
journal = {Journal of Geophysical Research: Space Physics},
volume = {116},
number = {A11},
issn = {2156-2202},
pages = {},
keywords = {geomagnetic storms, ionospheric storms},
year = {2011},
}url = {http://dx.doi.org/10.1029/2011JA017042},doi = {10.1029/2011JA017042},


@article{Balan1990,
title = {{Dependence of ionospheric response on the local time of sudden commencement and the intensity of geomagnetic storms}},
journal = "Journal of Atmospheric and Terrestrial Physics ",
volume = "52",
number = "4",
pages = "269 - 275",
year = "1990",
note = "",
issn = "0021-9169",
author = "Balan, N. and Rao, P. B."
}url = "http://www.sciencedirect.com/science/article/pii/0021916990900944",doi = "http://dx.doi.org/10.1016/0021-9169(90)90094-4",


@article {Crowley2006,
author = {Crowley, G. and Hackert, C. L. and Meier, R. R. and Strickland, D. J. and Paxton, L. J. and Pi, X. and Mannucci, A. and Christensen, A. B. and Morrison, D. and Bust, G. S. and Roble, R. G. and Curtis, N. and Wene, G.},
title = {{Global thermosphere-ionosphere response to onset of 20 November 2003 magnetic storm}},
journal = {Journal of Geophysical Research: Space Physics},
volume = {111},
number = {A10},
issn = {2156-2202},
pages = {},
keywords = {composition, ionosphere, winds},
year = {2006},
}url = {http://dx.doi.org/10.1029/2005JA011518},doi = {10.1029/2005JA011518},


@article{LopezMontes2012,
title = {{The impact of large solar events on the total electron content of the ionosphere at mid latitudes}},
journal = "Advances in Space Research ",
volume = "49",
number = "7",
pages = "1167 - 1179",
year = "2012",
note = "",
issn = "0273-1177",
author = "L\'{o}pez-Montes, R. and PL\'{e}rez-EnrL\'{i}quez, R. and Araujo-Pradere, E. A.",
}url = "http://www.sciencedirect.com/science/article/pii/S027311771200049X",doi = "http://dx.doi.org/10.1016/j.asr.2012.01.008",



@Article{Blanch2005,
AUTHOR = {Blanch, E. and Altadill, D. and Bo\v{s}ka, J. and Bure\v{s}ov\'a, D. and Hern\'andez-Pajares, M.},
TITLE = {{November 2003 event: effects on the Earth's ionosphere observed from ground-based ionosonde and GPS data}},
JOURNAL = {Annales Geophysicae},
VOLUME = {23},
YEAR = {2005},
NUMBER = {9},
PAGES = {3027--3034},
}URL = {http://www.ann-geophys.net/23/3027/2005/},DOI = {10.5194/angeo-23-3027-2005}

@article {Yizengaw2006,
author = {Yizengaw, E. and Moldwin, M. B. and Komjathy, A. and Mannucci, A. J.},
title = {{Unusual topside ionospheric density response to the November 2003 superstorm}},
journal = {Journal of Geophysical Research: Space Physics},
volume = {111},
number = {A2},
issn = {2156-2202},
pages = {},
keywords = {topside ionosphere, GPS TEC, magnetic storm},
year = {2006},
}url = {http://dx.doi.org/10.1029/2005JA011433},doi = {10.1029/2005JA011433},


@article {Dashora2007,
author = {Dashora, N and Pandey, R.},
title = {{Variations in the total electron content near the crest of the equatorial ionization anomaly during the November 2004 geomagnetic storm}},
journal = {Earth Planets Space},
volume = {59},
number = {A2},
issn = {},
pages = {127-131},
year = {2006},
}url = {http://www.terrapub.co.jp/journals/EPS/pdf/2007/5902},


@article {Simi2013,
author = {Simi, K. G. and Manju, G. and Madhav Haridas, M. K. and Prabhakaran Nayar, S. R. and Pant, T. K. and Alex, S.},
title = {{Ionospheric response to a geomagnetic storm during November 8-10, 2004}},
journal = {Earth Planets Space},
volume = {65},
number = {4},
issn = {},
pages = {343-350},
year = {2013},
}url = {http://www.terrapub.co.jp/journals/EPS/pdf/2013/6504},


@article{deAbreu2011,
title = {{An investigation of ionospheric F region response in the Brazilian sector to the super geomagnetic storm of May 2005}},
journal = "Advances in Space Research ",
volume = "48",
number = "7",
pages = "1211 - 1220",
year = "2011",
note = "",
issn = "0273-1177",
author = "de~Abreu, A. J.  and Sahai, Y. and Fagundes, P. R. and de~Jesus, R. and  Bittencourt, J. A. and Pillat, V. G. ",
}url = "http://www.sciencedirect.com/science/article/pii/S0273117711004030",doi = "http://dx.doi.org/10.1016/j.asr.2011.05.036",


@article {Sahai2005,
author = {Sahai, Y. and Fagundes, P. R. and Becker-Guedes, F. and Bolzan, M. J. A. and Abalde, J. R. and Pillat, V. G. and de Jesus, R. and Lima, W. L. C. and Crowley, G. and Shiokawa, K. and MacDougall, J. W. and Lan, H. T. and Igarashi, K. and Bittencourt, J. A.},
title = {{Effects of the major geomagnetic storms of October 2003 on the equatorial and low-latitude F region in two longitudinal sectors}},
journal = {Journal of Geophysical Research: Space Physics},
volume = {110},
number = {A12},
issn = {2156-2202},
pages = {A010999},
year = {2005},
}url = {http://dx.doi.org/10.1029/2004JA010999},doi = {10.1029/2004JA010999},

@article {Gordienko2005,
author = {Gordienko, G. I. and Vodyannikov, V. V. and Yakovets, A. F.},
title = {{Ionospheric disturbances over Alma-Ata during the October–November 2003 magnetic storms}},
journal = {Journal of Geophysical Research: Space Physics},
volume = {110},
number = {A9},
issn = {2156-2202},
pages = {},
keywords = {intense geomagnetic storm, ionospheric disturbance, ionosonde data, nighttime ionosphere, space weather},
year = {2005},
}url = {http://dx.doi.org/10.1029/2004JA010945},doi = {10.1029/2004JA010945},

@article {Lin2005,
author = {Lin, C. H. and Richmond, A. D. and Heelis, R. A. and Bailey, G. J. and Lu, G. and Liu, J. Y. and Yeh, H. C. and Su, S.-Y.},
title = {{Theoretical study of the low- and midlatitude ionospheric electron density enhancement during the October 2003 superstorm: Relative importance of the neutral wind and the electric field}},
journal = {Journal of Geophysical Research: Space Physics},
volume = {110},
number = {A12},
issn = {2156-2202},
pages = {A011304},
year = {2005},
}url = {http://dx.doi.org/10.1029/2005JA011304},doi = {10.1029/2005JA011304},

@article {Lin2005b,
author = {Lin, C. H. and Richmond, A. D. and Liu, J. Y. and Yeh, H. C. and Paxton, L. J. and Lu, G. and Tsai, H. F. and Su, S.-Y.},
title = {{Large-scale variations of the low-latitude ionosphere during the October-November 2003 superstorm: Observational results}},
journal = {Journal of Geophysical Research: Space Physics},
volume = {110},
number = {A9},
issn = {2156-2202},
pages = {A010900},
keywords = {ionospheric disturbances, magnetic storm, TEC enhancement},
year = {2005},
}url = {http://dx.doi.org/10.1029/2004JA010900},doi = {10.1029/2004JA010900},



@article {Balan2012,
author = {Balan, N. and Liu, J. Y. and Otsuka, Y. and Tulasi Ram, S. and L\"{u}hr, H.},
title = {{Ionospheric and thermospheric storms at equatorial latitudes observed by CHAMP, ROCSAT, and DMSP}},
journal = {Journal of Geophysical Research: Space Physics},
volume = {117},
number = {A1},
issn = {2156-2202},
pages = {A016903},
keywords = {equatorial storms, ionospheric storms, thermospheric storms},
year = {2012},
}

@article {Basu2005,
author = {Basu, S. and Basu, {Su}. and Groves, K. M. and MacKenzie, E. and Keskinen, M. J. and Rich, F. J.},
title = {{Near-simultaneous plasma structuring in the midlatitude and equatorial ionosphere during magnetic superstorms}},
journal = {Geophysical Research Letters},
volume = {32},
number = {12},
issn = {1944-8007},
pages = {L12S05},
year = {2005},
}url = {http://dx.doi.org/10.1029/2004GL021678},doi = {10.1029/2004GL021678},


@article {Mukhtarov2013,
author = {Mukhtarov, P. and Andonov, B. and Pancheva, D.},
title = {{Global empirical model of TEC response to geomagnetic activity}},
journal = {Journal of Geophysical Research: Space Physics},
volume = {118},
number = {10},
issn = {2169-9402},
pages = {6666--6685},
keywords = {relative deviation of TEC, response to geomagnetic activity, positive and negative response, GNSS},
year = {2013},
}url = {http://dx.doi.org/10.1002/jgra.50576},doi = {10.1002/jgra.50576},



@article {Yizengaw2006,
author = {Yizengaw, E. and Moldwin, M. B. and Komjathy, A. and Mannucci, A. J.},
title = {{Unusual topside ionospheric density response to the November 2003 superstorm}},
journal = {Journal of Geophysical Research: Space Physics},
volume = {111},
number = {A2},
issn = {2156-2202},
pages = {A011433},
keywords = {topside ionosphere, GPS TEC, magnetic storm},
year = {2006},
}url = {http://dx.doi.org/10.1029/2005JA011433},doi = {10.1029/2005JA011433},


@article{Pirog2010,
title = {{study of ionospheric response to magnetic superstorms in the East Asian sector}},
journal = "Journal of Atmospheric and Solar-Terrestrial Physics ",
volume = "72",
number = "2–3",
pages = "164 - 175",
year = "2010",
note = "",
issn = "1364-6826",
author = "Pirog, O. M. and Polekh, N. M.  and Romanova, E. B.  and Zherebtsov, G. A. and Jiankui Shi and Xiao Wang",
}url = "http://www.sciencedirect.com/science/article/pii/S136468260900296X",doi = "http://dx.doi.org/10.1016/j.jastp.2009.11.004",



@Article{Zhao2005,
AUTHOR = {Zhao, B. and Wan, W. and Liu, L.},
TITLE = {{Responses of equatorial anomaly to the October-November 2003 superstorms}},
JOURNAL = {Annales Geophysicae},
VOLUME = {23},
YEAR = {2005},
NUMBER = {3},
PAGES = {693--706},
}URL = {http://www.ann-geophys.net/23/693/2005/},DOI = {10.5194/angeo-23-693-2005}


@article{Mendillo1974,
title = {{Ionospheric disturbances: Evidence for the contraction of the plasmasphere during severe geomagnetic storms}},
journal = "Planetary and Space Science ",
volume = "22",
number = "2",
pages = "223 - 236",
year = "1974",
note = "",
issn = "0032-0633",
author = "Mendillo, M. and Klobuchar, J. A.  and Hajeb-Hosseinieh, H."
}url = "http://www.sciencedirect.com/science/article/pii/0032063374900269",doi = "http://dx.doi.org/10.1016/0032-0633(74)90026-9",

@article{Essex1981,
title = {A global response of the total electron content of the ionosphere to the magnetic storm of 17 and 18 June 1972},
journal = "Journal of Atmospheric and Terrestrial Physics ",
volume = "43",
number = "4",
pages = "293 - 306",
year = "1981",
note = "",
issn = "0021-9169",
author = {Essex, E. A. and Mendillo, M. and Sch\"{o}del, J. P. and J.A. Klobuchar and A.V. da Rosa and K.C. Yeh and R.B. Fritz and F.H. Hibberd and L. Kersley and J.R. Koster and D.A. Matsoukas and Y. Nakata and T.H. Roelofs},
}url = "http://www.sciencedirect.com/science/article/pii/002191698190091X",doi = "http://dx.doi.org/10.1016/0021-9169(81)90091-X",


@article{Huang1985,
title = {{Major ionospheric storms during July-September 1982 at lower latitudes in East Asia}},
journal = "Journal of Atmospheric and Terrestrial Physics ",
volume = "47",
number = "8–10",
pages = "1031 - 1036",
year = "1985",
note = "",
issn = "0021-9169",
author = "Huang, T. ",
}url = "http://www.sciencedirect.com/science/article/pii/0021916985900832",doi = "http://dx.doi.org/10.1016/0021-9169(85)90083-2",


@article{Mansilla2006,
title = {{Equatorial and low latitude ionosphere during intense geomagnetic storms}},
journal = "Journal of Atmospheric and Solar-Terrestrial Physics ",
volume = "68",
number = "18",
pages = "2091 - 2100",
year = "2006",
note = "",
issn = "1364-6826",
author = "Mansilla, G. A. ",
}url = "http://www.sciencedirect.com/science/article/pii/S1364682606001751",doi = "http://dx.doi.org/10.1016/j.jastp.2006.07.005",


@article {Abdu2007,
author = {Abdu, Mangalathayil A. and Maruyama, Takashi and Batista, Inez S. and Saito, Susumo and Nakamura, Maho},
title={Ionospheric responses to the October 2003 superstorm: Longitude/local time effects over equatorial low and middle latitudes},
journal = {Journal of Geophysical Research: Space Physics},
volume = {112},
pages = {A10306},
keywords = {equatorial disturbance electric fields, equatorial anomaly, longitudinal/local time effects},
year = {2007}
}


@article {Matsushita1959,
author = {Matsushita, S.},
title = {{A study of the morphology of ionospheric storms}},
journal = {Journal of Geophysical Research},
volume = {64},
number = {3},
issn = {2156-2202},
pages = {305--321},
year = {1959},
}url = {http://dx.doi.org/10.1029/JZ064i003p00305},doi = {10.1029/JZ064i003p00305},


@article {Bhattacharyya2002,
author = {Bhattacharyya, A. and Basu, S. and Groves, K. M. and Valladares, C. E. and Sheehan, R.},
title = {{Effect of magnetic activity on the dynamics of equatorial F region irregularities}},
journal = {Journal of Geophysical Research: Space Physics},
volume = {107},
number = {A12},
issn = {2156-2202},
pages = {SIA 20-1--SIA 20-7},
year = {2002},
}url = {http://dx.doi.org/10.1029/2002JA009644},doi = {10.1029/2002JA009644},

@article{Uma2012,
title = {{Ionospheric responses to two large geomagnetic storms over Japanese and Indian longitude sectors}},
journal = "Journal of Atmospheric and Solar-Terrestrial Physics ",
volume = "74",
number = "0",
pages = "94--110",
year = "2012",
note = "",
issn = "1364-6826",
author = "Uma, G. and P.S. Brahmanandam and Yoshihiro Kakinami and A. Dmitriev and N.S.M.P. Latha Devi and K. Uday Kiran and D.S.V.V.D. Prasad and P.V.S. Rama Rao and K Niranjan and Ch. Seshu Babu and Y.H. Chu",
}url = "http://www.sciencedirect.com/science/article/pii/S1364682611002744",doi = "http://dx.doi.org/10.1016/j.jastp.2011.10.001",


@Article{RamaRao2009,
AUTHOR = {Rama~Rao, P. V. S. and Gopi Krishna, S. and Vara Prasad, J. and Prasad, S. N. V. S. and Prasad, D. S. V. V. D. and Niranjan, K.},
TITLE = {{Geomagnetic storm effects on GPS based navigation}},
JOURNAL = {Annales Geophysicae},
VOLUME = {27},
YEAR = {2009},
NUMBER = {5},
PAGES = {2101--2110},
}URL = {http://www.ann-geophys.net/27/2101/2009/},DOI = {10.5194/angeo-27-2101-2009}


@article {Sastri2002,
author = {Sastri, J. Hanumath and Niranjan, K. and Subbarao, K. S. V.},
title = {{Response of the equatorial ionosphere in the Indian (midnight) sector to the severe magnetic storm of July 15, 2000}},
journal = {Geophysical Research Letters},
volume = {29},
number = {13},
issn = {1944-8007},
pages = {29-1--29-4},
year = {2002},
}url = {http://dx.doi.org/10.1029/2002GL015133},doi = {10.1029/2002GL015133},

@Article{Lakshmi1997,
AUTHOR = {Lakshmi, D. R. and Veenadhari, B. and Dabas, R. S. and Reddy, B. M.},
TITLE = {{Sudden post-midnight decrease in equatorial F-region electron densities associated with severe magnetic storms}},
JOURNAL = {Annales Geophysicae},
VOLUME = {15},
YEAR = {1997},
NUMBER = {3},
PAGES = {306--313},
}URL = {http://www.ann-geophys.net/15/306/1997/},DOI = {10.1007/s00585-997-0306-9}


@article{Ngwira2012,
	title = {{An investigation of ionospheric disturbances over South Africa during the magnetic storm on 15 May 2005}},
	journal = "Advances in Space Research ",
	volume = "49",
	number = "2",
	pages = "327 - 335",
	year = "2012",
	note = "",
	issn = "0273-1177",
	author = "Chigomezyo, M. N. and Lee-Anne, M. and Pierre, J. C. and Endawoke, Y."}url = "http://www.sciencedirect.com/science/article/pii/S0273117711007174",doi = "http://dx.doi.org/10.1016/j.asr.2011.09.035",

@Article{Panda2012,
 Author = {Panda, S. K. and Gedam, S. S.},
 title = {{GPS derived spatial ionospheric total electron content variation over South-Indian latitudes during intense geomagnetic storms}},
 journal = "{Proc. SPIE 8535, Optics in Atmospheric Propagation and Adaptive Systems XV}",
 pages = "{85350B-85350B-10}",
 editor = {Karin Stein and John Gonglewski},
 month = {November},
 year   = "{2012}"
} 


@ARTICLE{Deshpande1977,
   author = {{Deshpande}, M.~R. and {Rastogi}, R.~G. and {Vats}, H.~O. and 
	{Sethia}, G. and {Klobuchar}, J.~A. and {Jain}, A.~R. and {Subbarao}, B.~S. and 
	{Patwari}, V.~M. and {Janve}, A.~V. and {Rai}, R.~K.},
    title = {{Effect of electrojet on the total electron content of the ionosphere over the Indian subcontinent}},
  journal = {Nature},
 keywords = {EQUATORIAL ELECTROJET, F 2 REGION, INDIA, IONOSPHERIC ELECTRON DENSITY, ATS 6, DIURNAL VARIATIONS, GEOMAGNETISM, MAGNETIC DISTURBANCES, RADIO BEACONS},
     year = 1977,
    month = jun,
   volume = 267,
    pages = {599},
} doi = {10.1038/267599a0},

@ARTICLE{Appleton1946,
   author = {{Appleton}, E.~V.},
    title = {Two Anomalies in the Ionosphere},
  journal = {Nature},
     year = 1946,
    month = may,
   volume = 157,
    pages = {691},
} doi = {10.1038/157691a0},

@article{Gouin1967,
author = {Gouin, P. and Mayaud, P. N. },
issn = {14641917},
journal = {Ann. Geophys.},
number = {},
pages = {41--47},
title = {{A propos de existence possible d’un contre electrojet and latitudes magnetiques equatorials}},
url = {},
volume = {23},
year = {1967}
}doi = {10.1016/S1464-1917(01)00016-2},


@article{Saranya2011,
title = {{Pre-storm behaviour of NmF2 and TEC(GPS) over equatorial and low latitude stations in the Indian sector}},
journal = "Advances in Space Research ",
volume = "48",
number = "2",
pages = "207 - 217",
year = "2011",
note = "",
issn = "0273-1177",
author = "Saranya, P. L. and K. Venkatesh and D.S.V.V.D. Prasad and P.V.S. Rama Rao and K. Niranjan",
}url = "http://www.sciencedirect.com/science/article/pii/S0273117711002092",doi = "http://dx.doi.org/10.1016/j.asr.2011.03.028",


@article {Rastogi1990,
author = {Rastogi, R. G. and Klobuchar, J. A.},
title = {{Ionospheric electron content within the equatorial F2 layer anomaly belt}},
journal = {Journal of Geophysical Research: Space Physics},
volume = {95},
number = {A11},
issn = {2156-2202},
pages = {19045--19052},
year = {1990},
}url = {http://dx.doi.org/10.1029/JA095iA11p19045},doi = {10.1029/JA095iA11p19045},


@article{Jose2011,
author = {Jose, L. and Ravindran, S. and Vineeth, C. and Pant, T. K. and Alex, S.},
issn = {1432-0576},
journal = {Annales Geophysicae},
keywords = {electric fields and currents,equa-,ionosphere},
month = jul,
number = {7},
pages = {1267--1275},
title = {{Investigation of the response time of the equatorial ionosphere in context of the equatorial electrojet and equatorial ionization anomaly}},
volume = {29},
year = {2011}
}url = {http://www.ann-geophys.net/29/1267/2011/},doi = {10.5194/angeo-29-1267-2011},

@article{Chandra1971,
title = {{Equatorial ionospheric drift and the electrojet}},
journal = "Planetary and Space Science ",
volume = "19",
number = "11",
pages = "1497 - 1503",
year = "1971",
note = "",
issn = "0032-0633",
author = "Chandra, H. and Misra, R. K. and Rastogi, R. G. ",
}doi = "http://dx.doi.org/10.1016/0032-0633(71)90009-2",



@article{Bhargava1983,
year={1983},
issn={0253-4126},
journal={Proceedings of the Indian Academy of Sciences - Section A. Part 2, Earth and Planetary Sciences},
volume={92},
number={1},
title={{Indices of equatorial electrojet and counter-electrojet in the Indian region: Evolution of the indices and their authenticity}},
publisher={Springer India},
keywords={Electrojet; counter-electrojet; indices; frequency distribution; solar cycle modulation; lunar modulation},
author={Bhargava, B. N. and Arora, B. R. and Sastri, N. S.},
pages={45-55},
}url={http://dx.doi.org/10.1007/BF02936463},doi={10.1007/BF02936463},


@ARTICLE{Alex2001,
   author = {{Alex}, S. and {Mukherjee}, S.},
    title = {{Local time dependence of the equatorial counter electrojet effect in a narrow longitudinal belt}},
  journal = {Earth, Planets, and Space},
     year = 2001,
    month = dec,
   volume = 53,
    pages = {1151-1161},}

@article{Sripathi2012,
author = {Sripathi, S. and Bhattacharyya, A.},
issn = {0148-0227},
journal = {Journal of Geophysical Research},
keywords = {EEJ strength,GPS TEC,SSW events},
month = may,
number = {A5},
pages = {A05305},
title = {{Quiet time variability of the GPS TEC and EEJ strength over Indian region associated with major sudden stratospheric warming events during 2005/2006}},
volume = {117},
year = {2012}
}url = {http://doi.wiley.com/10.1029/2011JA017103},doi = {10.1029/2011JA017103},


@article {Skoug2004,
author = {Skoug, R. M. and Gosling, J. T. and Steinberg, J. T. and McComas, D. J. and Smith, C. W. and Ness, N. F. and Hu, Q. and Burlaga, L. F.},
title = {{Extremely high speed solar wind: 29–30 October 2003}},
journal = {Journal of Geophysical Research: Space Physics},
volume = {109},
number = {A9},
issn = {2156-2202},
pages = {A010494},
year = {2004},
}url = {http://dx.doi.org/10.1029/2004JA010494},doi = {10.1029/2004JA010494},


@article {Gopalswamy2005,
author = {Gopalswamy, N. and Yashiro, S. and Michalek, G. and Xie, H. and Lepping, R. P. and Howard, R. A.},
title = {{Solar source of the largest geomagnetic storm of cycle 23}},
journal = {Geophysical Research Letters},
volume = {32},
number = {12},
issn = {1944-8007},
pages = {L021639},
year = {2005},
}url = {http://dx.doi.org/10.1029/2004GL021639},doi = {10.1029/2004GL021639},


@article{Trivedi2011,
title = {{Study of TEC changes during geomagnetic storms occurred near the crest of the equatorial ionospheric ionization anomaly in the Indian sector}},
journal = "Advances in Space Research ",
volume = "48",
number = "10",
pages = "1617 - 1630",
year = "2011",
note = "",
issn = "0273-1177",
author = "Trivedi, R. and Jain, A. and Jain, S. and Gwal, A. K. ",
}url = "http://www.sciencedirect.com/science/article/pii/S0273117711005813",doi = "http://dx.doi.org/10.1016/j.asr.2011.08.008",



@article{Malik2010,
title = {{Study of ionospheric variability during geomagnetic storms}},
journal = "J. Ind. Geophys. Union",
volume = "14",
number = "1",
pages = "47 - 56",
year = "2010",
note = "",
issn = "",
author = "Malik, R. and Sarkar, S. and Mukherjee, S and Gwal, A. K.",
}doi = "",
url = "",

@Article{Yao2013,
AUTHOR = {Yao, Y. B. and Chen, P. and Zhang, S. and Chen, J. J.},
TITLE = {{Temporal and spatial variations in ionospheric electron density profiles over South Africa during strong magnetic storms}},
JOURNAL = {Natural Hazards and Earth System Science},
VOLUME = {13},
YEAR = {2013},
NUMBER = {2},
PAGES = {375--384},
}URL = {http://www.nat-hazards-earth-syst-sci.net/13/375/2013/},DOI = {10.5194/nhess-13-375-2013}



@article {Mannucci2005,
author = {Mannucci, A. J. and Tsurutani, B. T. and Iijima, B. A. and Komjathy, A. and Saito, A. and Gonzalez, W. D. and Guarnieri, F. L. and Kozyra, J. U. and Skoug, R.},
title = {{Dayside global ionospheric response to the major interplanetary events of October 29-30, 2003 \textquotedblleft Halloween Storms \textquotedblright}},
journal = {Geophysical Research Letters},
volume = {32},
number = {12},
issn = {1944-8007},
pages = {L021467},
year = {2005},
}



@article {Tsurutani2005,
author = {Tsurutani, B. T. and Judge, D. L. and Guarnieri, F. L. and Gangopadhyay, P. and Jones, A. R. and Nuttall, J. and Zambon, G. A. and Didkovsky, L. and Mannucci, A. J. and Iijima, B. and Meier, R. R. and Immel, T. J. and Woods, T. N. and Prasad, S. and Floyd, L. and Huba, J. and Solomon, S. C. and Straus, P. and Viereck, R.},
title = {{The October 28, 2003 extreme EUV solar flare and resultant extreme ionospheric effects: Comparison to other Halloween events and the Bastille Day event}},
journal = {Geophysical Research Letters},
volume = {32},
number = {3},
issn = {1944-8007},
pages = {L021475},
year = {2005},
}url = {10.1029/2004GL021475},doi = {10.1029/2004GL021475},


@article{Cander2005,
title = {{Ionospheric spatial and temporal variations during the 29-31 October 2003 storm}},
journal = "Journal of Atmospheric and Solar-Terrestrial Physics ",
volume = "67",
number = "12",
pages = "1118 - 1128",
year = "2005",
issn = "1364-6826",
author = "Cander, L. R. and Mihajlovic, S. J.",
}url = "http://www.sciencedirect.com/science/article/pii/S1364682605000933",
doi = "10.1016/j.jastp.2005.02.020",


@Article{RamaRao2009,
AUTHOR = {Rama Rao, P. V. S. and Gopi Krishna, S. and Vara Prasad, J. and Prasad, S. N. V. S. and Prasad, D. S. V. V. D. and Niranjan, K.},
TITLE = {{Geomagnetic storm effects on GPS based navigation}},
JOURNAL = {Annales Geophysicae},
VOLUME = {27},
YEAR = {2009},
NUMBER = {5},
PAGES = {2101--2110},
}URL = {http://www.ann-geophys.net/27/2101/2009/},DOI = {10.5194/angeo-27-2101-2009}


@article {Mannucci2008,
author = {Mannucci, A. J. and Tsurutani, B. T. and Abdu, M. A. and Gonzalez, W. D. and Komjathy, A. and Echer, E. and Iijima, B. A. and Crowley, G. and Anderson, D.},
title = {{Superposed epoch analysis of the dayside ionospheric response to four intense geomagnetic storms}},
journal = {Journal of Geophysical Research: Space Physics},
volume = {113},
number = {A3},
issn = {2156-2202},
pages = {A012732},
year = {2008},
}url = {http://dx.doi.org/10.1029/2007JA012732},
doi = {10.1029/2007JA012732},


@article {Perevalova2008,
author = {Perevalova, N. P. and Afraimovich, E. L. and Voeykov, S. V. and Zhivetiev, I. V.},
title = {{Parameters of large-scale TEC disturbances during the strong magnetic storm on 29 October 2003}},
journal = {Journal of Geophysical Research: Space Physics},
volume = {113},
number = {A3},
issn = {2156-2202},
pages = {A013137},
year = {2008},
}url = {http://dx.doi.org/10.1029/2008JA013137},
doi = {10.1029/2008JA013137},

@article {Anderson2006,
author = {Anderson, D. and Anghel, A. and Araujo, E. and Eccles, V. and Valladares, C. and Lin, C.},
title = {Theoretically modeling the low-latitude, ionospheric response to large geomagnetic storms},
journal = {Radio Science},
volume = {41},
number = {5},
issn = {1944-799X},
pages = {RS003376},
year = {2006},
}


@article{Jakowski2008,
  title={Large-scale ionospheric gradients over Europe observed in October 2003},
  author={Jakowski, N. and Mielich, J. and Borries, C. and Cander, L. and Krankowski, A. and Nava, B. and Stankov, S. M.},
  journal={Journal of Atmospheric and Solar-Terrestrial Physics},
  volume={70},
  number={15},
  pages={1894--1903},
  year={2008},
  publisher={Elsevier}
}

@article{Stankov2009,
  title={Ionospheric slab thickness--Analysis, modelling and monitoring},
  author={Stankov, S. M. and Warnant, R.},
  journal={Advances in Space Research},
  volume={44},
  number={11},
  pages={1295--1303},
  year={2009},
  publisher={Elsevier}
}



@article{Davies1991,
  title={Ionospheric slab thickness in middle and low latitudes},
  author={Davies, K. and Liu, X. M.},
  journal={Radio science},
  volume={26},
  number={4},
  pages={997--1005},
  year={1991},
  publisher={Wiley Online Library}
}


@article{Fox1991,
  title={Ionospheric equivalent slab thickness and its modeling applications},
  author={Fox, M. W. and Mendillo, M. and Klobuchar, J. A.},
  journal={Radio science},
  volume={26},
  number={2},
  pages={429--438},
  year={1991},
  publisher={Wiley Online Library}
}


@article{Vyas2012,
title = "{The solar eclipse and its associated ionospheric TEC variations over Indian stations on January 15, 2010} ",
journal = {Advances in Space Research},
volume = "49",
number = "3",
pages = "546 - 555",
year = "2012",
month = feb,
note = "",
issn = "0273-1177",
author = "Vyas, B. M. and Sunda, S.",
}

@article {Cheng1992,
author = {Cheng, K. and Huang, Y. -N. and Chen, S. -W.},
title = {{Ionospheric effects of the solar eclipse of September 23, 1987, around the equatorial anomaly crest region}},
journal = {Journal of Geophysical Research: Space Physics},
volume = {97},
number = {A1},
issn = {2156-2202},
pages = {103--111},
year = {1992},
}

@article{Skinner1969,
title = "{A new analysis of eclipse effects in the equatorial F-region}",
journal = "Journal of Atmospheric and Terrestrial Physics ",
volume = "31",
number = "11",
pages = "1333 - 1344",
year = "1969",
note = "",
issn = "0021-9169",
author = "Skinner, N. J.",
}



@Article{paul2011,
AUTHOR = {Paul, A. and Das, T. and Ray, S. and Das, A. and Bhowmick, D. and DasGupta, A.},
TITLE = "{Response of the equatorial ionosphere to the total solar eclipse of 22 July 2009 and annular eclipse of 15 January 2010 as observed from a network of stations situated in the Indian longitude sector}",
JOURNAL = {Annales Geophysicae},
VOLUME = {29},
YEAR = {2011},
NUMBER = {10},
PAGES = {1955--1965},
}



@article{Bhaskar2011223,
title = "{A study of secondary cosmic ray flux variation during the annular eclipse of 15 January 2010 at Rameswaram, India}",
journal = "Astroparticle Physics",
volume = "35",
number = "5",
pages = "223 - 229",
year = "2011",
note = "",
issn = "0927-6505",
author = "Bhaskar, A. and Purohit, A. and Hemalatha, M.  and Pai, C. and Raghav, A. and Gurada, C. and Radha, S. and Yadav, V. and Desai, V. and Chitnis, A. and Sarpotdar, P. and  Patankar, A.",
}

@PhdThesis{Schaer1999,
title = "{Mapping and predicting the Earth's ionosphere using the Global Positioning System}",
author = {Schaer, S.},
school = {Astronomical Institute, University of Berne, Berne, Switzerland},
year = {1999}
}


@book{espenak2006five,
  title="{Five Year Millennium Canon of Solar Eclipses: -1999 to +3000 (2000 BCE to 3000 CE)}",
  author={Espenak, F. and Meeus, J. and Goddard Space Flight Center and United States. National Aeronautics and Space Administration},
  series={NASA technical paper},
   year={2006},
  publisher={NASA Goddard Space Flight Center}
}

@ARTICLE{Klobuchar1991,
   author = {Klobuchar, J. A.},
    title = "{Ionospheric Effects on GPS}",
  journal = {Early Innovation columns,GPS World},
     year = 1991
}

@ARTICLE{Jakowski2008,
   author = {{Jakowski}, N. and {Stankov}, S.~M. and {Wilken}, V. and {Borries}, C. and 
	{Altadill}, D. and {Chum}, J. and {Buresova}, D. and {Boska}, J. and 
	{Sauli}, P. and {Hruska}, F. and {Cander}, L.~R.},
    title = "{Ionospheric behavior over Europe during the solar eclipse of 3 October 2005}",
  journal = {Journal of Atmospheric and Solar-Terrestrial Physics},
     year = 2008,
    month = apr,
   volume = 70,
   number = "6",
    pages = {836-853},
   }



@Article{Le2008,
AUTHOR = {Le, H. and Liu, L. and Yue, X. and Wan, W.},
TITLE = "{The ionospheric responses to the 11 August 1999 solar eclipse: observations and modeling}",
JOURNAL = {Annales Geophysicae},
VOLUME = {26},
YEAR = {2008},
NUMBER = {1},
PAGES = {107--116},
}


@ARTICLE{Hernandez2006,
   author = {{Hern{\'a}ndez-Pajares}, M. and {Juan}, J.~M. and {Sanz}, J.
	},
    title = "{Medium-scale traveling ionospheric disturbances affecting GPS measurements: Spatial and temporal analysis}",
  journal = {Journal of Geophysical Research (Space Physics)},
     year = 2006,
    month = Jul,
   volume = 111,
      eid = {A07S11},
      issn = {2156-2202},
}


@article {Evans1965,
author = {Evans, J. V.},
title = "{An F region eclipse}",
journal = {Journal of Geophysical Research},
volume = {70},
number = {1},
issn = {2156-2202},
pages = {131--142},
year = {1965},
}




@ARTICLE{Farges2001,
   author = {{Farges}, T. and {Jodogne}, J.~C. and {Bamford}, R. and {Le Roux}, Y. and 
	{Gauthier}, F. and {Vila}, P.~M. and {Altadill}, D. and {Sole}, J.~G. and 
	{Miro}, G.},
    title = "{Disturbances of the western European ionosphere during the total solar eclipse of 11 August 1999 measured by a wide ionosonde and radar network}",
  journal = {Journal of Atmospheric and Solar-Terrestrial Physics},
     year = 2001,
    month = jan,
   volume = 63,
    pages = {915-924},
  adsnote = {Provided by the SAO/NASA Astrophysics Data System}
}







@article{Baran2003989,
title = "{The response of the ionospheric total electron content to the solar eclipse on August 11, 1999 }",
journal = "{Advances in Space Research} ",
volume = "31",
number = "4",
pages = "989 - 994",
year = "2003",
note = "",
issn = "0273-1177",
author = {{Baran}, L. W. and {Ephishov}, I. I. and {Shagimuratov}, I. I. and {Ivanov} V. P. and {Lagovsky}, A.F.}
}





@Article{Sridharan2002,
AUTHOR = {Sridharan, R. and Devasia, C. V. and Jyoti, N. and Tiwari, Diwakar and Viswanathan, K. S. and Subbarao, K. S. V.},
TITLE = "{Effects of solar eclipse on the electrodynamical processes of the equatorial ionosphere: a case study during 11 August 1999 dusk time total solar eclipse over India}",
JOURNAL = {Annales Geophysicae},
VOLUME = {20},
YEAR = {2002},
NUMBER = {12},
PAGES = {1977--1985},
}
@article{Sharma20101387,
title = "{Total solar eclipse of July 22, 2009: Its impact on the total electron content and ionospheric electron density in the Indian zone}",
journal = "Journal of Atmospheric and Solar-Terrestrial Physics ",
volume = "72",
number = "18",
pages = "1387 - 1392",
year = "2010",
note = "",
issn = "1364-6826",
author = "Shweta Sharma and N. Dashora and P. Galav and R. Pandey",
}


@Article{Cohen1984,
author = {Cohen, Elizabeth A.},
title = "{The study of the effect of solar eclipses on the ionosphere based on satellite beacon observations}",
journal = {Radio Science},
volume = {19},
number = {3},
issn = {1944-799X},
pages = {769--777},
year = {1984},
}

@Article{Nayak2012,
AUTHOR = {Nayak, C. K. and Tiwari, D. and Emperumal, K. and Bhattacharyya, A.},
TITLE = "{The equatorial ionospheric response over Tirunelveli to the 15 January 2010 annular solar eclipse: observations}",
JOURNAL = {Annales Geophysicae},
VOLUME = {30},
YEAR = {2012},
NUMBER = {9},
PAGES = {1371--1377},
}


@article{Stolle2008,
author = {Stolle, C. and Manoj, C. and L\"{u}hr, H. and Maus, S. and Alken, P.},
issn = {0148-0227},
journal = {Journal of Geophysical Research},
month = sep,
number = {A9},
pages = {A09310},
title = {{Estimating the daytime Equatorial Ionization Anomaly strength from electric field proxies}},
volume = {113},
year = {2008}
}

@article{Manoj2006,
author = {Manoj, C. and L\"{u}hr, H. and Maus, S. and Nagarajan, N.},
issn = {0148-0227},
journal = {Journal of Geophysical Research},
month = nov,
number = {A11},
pages = {A11312},
title = {{Evidence for short spatial correlation lengths of the noontime equatorial electrojet inferred from a comparison of satellite and ground magnetic data}},
volume = {111},
year = {2006}
}


@article {RastogiandKlobuchar,
author = {Rastogi, R. G. and Klobuchar, J. A.},
title = "{Ionospheric electron content within the equatorial F2 layer anomaly belt}",
journal = {Journal of Geophysical Research: Space Physics},
volume = {95},
number = {A11},
issn = {2156-2202},
pages = {19045--19052},
year = {1990},
}

@article{Jose2011,
author = {Jose, L. and Ravindran, S. and Vineeth, C. and Pant, T. K. and Alex, S.},
issn = {1432-0576},
journal = {Annales Geophysicae},
month = jul,
number = {7},
pages = {1267--1275},
title = {{Investigation of the response time of the equatorial ionosphere in context of the equatorial electrojet and equatorial ionization anomaly}},
volume = {29},
year = {2011}
}

@article{Sripathi2012,
author = {Sripathi, S. and Bhattacharyya, a.},
issn = {0148-0227},
journal = {Journal of Geophysical Research},
month = may,
number = {A5},
pages = {A05305},
title = {{Quiet time variability of the GPS TEC and EEJ strength over Indian region associated with major sudden stratospheric warming events during 2005/2006}},
volume = {117},
year = {2012}
}

@Article{RamaRao2006,
AUTHOR = {Rama Rao, P. V. S. and Seemala, G. K. and Niranjan, K. and Prasad, D. S. V. V. D.},
TITLE = "{Temporal and spatial variations in TEC using simultaneous measurements from  the Indian GPS network of receivers during the low solar activity period of 2004-2005}",
JOURNAL = {Annales Geophysicae},
VOLUME = {24},
YEAR = {2006},
NUMBER = {12},
PAGES = {3279--3292},
}


@Article{Chakraborty2009,
AUTHOR = {Chakraborty, S. K. and Hajra, R.},
TITLE = {{Electrojet control of ambient ionization near the crest of the equatorial anomaly in the Indian zone}},
JOURNAL = {Annales Geophysicae},
VOLUME = {27},
YEAR = {2009},
NUMBER = {1},
PAGES = {93--105},
}


@ARTICLE{2001Alex,
   author = {Alex, S. and Mukherjee, S.},
    title = "{Local time dependence of the equatorial counter electrojet effect in a narrow longitudinal belt}",
  journal = {Earth, Planets, and Space},
     year = 2001,
    month = dec,
   volume = 53,
    pages = {1151-1161},
  adsnote = {Provided by the SAO/NASA Astrophysics Data System}
}

@article{Vineeth2012,
author = {Vineeth, C. and Pant, T.K. and Kumar, K.K. and Jose, Lijo and Sumod, S.G. and Alex, S.},
issn = {13646826},
journal = {Journal of Atmospheric and Solar-Terrestrial Physics},
month = feb,
pages = {115--121},
publisher = {Elsevier},
title = {{Counter equatorial electrojet: Analysis of the variability in daytime mesopause temperature and winds}},
volume = {75-76},
year = {2012}
}

@article{Bhargava1983,
year={1983},
issn={0253-4126},
journal={Proceedings of the Indian Academy of Sciences - Section A. Part 2, Earth and Planetary Sciences},
volume={92},
number={1},
title="{Indices of equatorial electrojet and counter-electrojet in the Indian region: Evolution of the indices and their authenticity}",
author={Bhargava, B. N. and Arora, B. R. and Sastri, N. S.},
pages={45-55},
language={English}
}



@article{Sanjaykumar2012,
title = "{Changes in total electron content (TEC) during the annular solar eclipse of 15 January 2010} ",
journal = "{Advances in Space Research} ",
volume = "49",
number = "1",
pages = "75 - 82",
year = "2012",
month = jan,
note = "",
issn = "0273-1177",
author = "Kumar, S. and Singh, A. K.",
}

@article{Sanjaykumar2014,
title = "{Equatorial Ionospheric Anomaly (EIA) and comparison with IRI model during descending phase of solar activity (2005-2009)} ",
journal = "Advances in Space Research ",
volume = "53",
number = "5",
pages = "724 - 733",
year = "2014",
note = "",
issn = "0273-1177",
author = "Kumar, S. and Singh, A. K. and Lee, J.",
}


@book{rishbeth1969introduction,
  title="{Introduction to ionospheric physics}",
  author={Rishbeth, H. and Garriott, O.K.},
  lccn={lc69012280},
  series={International geophysics series},
  year={1969},
  publisher={Academic Press}
}

@article{Rishbeth1968,
year={1968},
issn={0038-6308},
journal={Space Science Reviews},
volume={8},
number={4},
title="{Solar eclipses and ionospheric theory}",
publisher={Kluwer Academic Publishers},
author={Rishbeth, H.},
pages={543-554},
language={English}
}

@article{Skinner1967287,
title = "{Eclipse effects in the equatorial F-region}",
journal = "Journal of Atmospheric and Terrestrial Physics ",
volume = "29",
number = "3",
pages = "287 - 295",
year = "1967",
note = "",
issn = "0021-9169",
author = "N. J. Skinner"
}

@article{Bamford2001373,
title = "{The effect of the 1999 total solar eclipse on the ionosphere}",
journal = "Physics and Chemistry of the Earth, Part C: Solar, Terrestrial \& Planetary Science ",
volume = "26",
number = "5",
pages = "373 - 377",
year = "2001",
note = "",
issn = "1464-1917",
author = "R. A. Bamford"
}


@article{Afraimovich2000,
author = {Afraimovich, E.L. and Palamartchouk, K.S. and Perevalova, N.P. and Chernukhov, V.V. and a.V. Lukhnev and Zalutsky, V.T.},
issn = {02731177},
journal = {Advances in Space Research},
mendeley-groups = {Eclipse,Eclipse/New Folder,Eclipse/New Folder/New Folder},
month = jan,
number = {6},
pages = {997--1000},
title = {{Ionospheric effects of the solar eclipse of March 9, 1997, as deduced from data from the GPS-radio interferometer at Irkutsk}},
volume = {26},
year = {2000}
}


@article{Afraimovich2001,
author = {Afraimovich, E.L. and Kosogorov, E.a. and Lesyuta, O.S.},
issn = {02731177},
journal = {Advances in Space Research},
mendeley-groups = {Eclipse,Eclipse/New Folder,Eclipse/New Folder/New Folder},
month = jan,
number = {6-7},
pages = {1351--1354},
title = {{Ionospheric effects of the August 11, 1999 total solar eclipse as deduced from European GPS network data}},
volume = {27},
year = {2001}
}


@article{Chandra2007,
author = {Chandra, H and Sharma, Som and Lele, P D and Rajaram, G and Hanchinal, Arun},
mendeley-groups = {Eclipse},
number = {August 1999},
pages = {59--64},
journal = {Earth Planets Space},
title = {{Ionospheric measurements during the total solar eclipse of 11 August 1999}},
volume = {1980},
year = {2007}
}

@article{Chandra1971,
title = "{Equatorial ionospheric drift and the electrojet}",
journal = "Planetary and Space Science ",
volume = "19",
number = "11",
pages = "1497 - 1503",
year = "1971",
note = "",
issn = "0032-0633",
author = "H. Chandra and R.K. Misra and R.G. Rastogi"
}


@article{Sharma2010,
author = {Sharma, S. and Dashora, N. and Galav, P. and Pandey, R.},
file = {:H$\backslash$:/eclipse\_pdf/July22,2009.pdf:pdf},
issn = {13646826},
journal = {Journal of Atmospheric and Solar-Terrestrial Physics},
mendeley-groups = {Eclipse/New Folder},
month = dec,
number = {18},
pages = {1387--1392},
publisher = {Elsevier},
title = {{Total solar eclipse of July 22, 2009: Its impact on the total electron content and ionospheric electron density in the Indian zone}},
volume = {72},
year = {2010}
}



@article {Ding2010,
author = {Ding, Feng and Wan, Weixing and Ning, Baiqi and Liu, Libo and Le, Huijun and Xu, Guirong and Wang, Min and Li, Guozhu and Chen, Yiding and Ren, Zhipeng and Xiong, Bo and Hu, Lianhuan and Yue, Xinan and Zhao, Biqiang and Li, Fengqin and Yang, Min},
title = "{GPS TEC response to the 22 July 2009 total solar eclipse in East Asia}",
journal = {Journal of Geophysical Research: Space Physics},
volume = {115},
number = {A7},
issn = {2156-2202},
pages = {},
year = {2010},
}


@article{Salah1986,
author = {Salah, J. E. and Oliver, W. L. and Foster, J. C. and Holt, J. M. and Emery, B. a. and Roble, R. G.},
file = {:C$\backslash$:/Users/sampadpanda/Desktop/downloads/May 30, 1984, Annular Solar Eclipse\_Salah.pdf:pdf},
issn = {0148-0227},
journal = {Journal of Geophysical Research},
mendeley-groups = {Eclipse,Eclipse/New Folder,Eclipse/New Folder/New Folder},
number = {A2},
pages = {1651},
title = {{Observations of the May 30, 1984, annular solar eclipse at Millstone Hill}},
volume = {91},
year = {1986}
}



@article{Momani2010,
author = {Momani, Mohammad Awad and Yatim, Baharudin and {Mohd Ali}, Mohamad Alauddin},
issn = {0148-0227},
journal = {Journal of Geophysical Research},
mendeley-groups = {Eclipse,Eclipse/New Folder,Eclipse/New Folder/New Folder},
month = aug,
number = {A8},
pages = {A08321},
title = {{Ionospheric and geomagnetic response to the total solar eclipse on 1 August 2008 over Northern Hemisphere}},
volume = {115},
year = {2010},
}


@article{Tomas20081497,
title = "{What are the influences of solar eclipses on the equatorial electrojet?}",
journal = "Journal of Atmospheric and Solar-Terrestrial Physics ",
volume = "70",
number = "11–12",
pages = "1497 - 1511",
year = "2008",
note = "",
issn = "1364-6826",
author = "A. T. Tom\'{a}s and H. Lühr and M. Rother and C. Manoj and N. Olsen and S. Watari",
}

@article{Tomas2007,
  title="{Observations of the low-latitude solar eclipse on 8 April 2005 by CHAMP}",
  author={Tom\'{a}s, A. T. and L\"{u}hr, H. and F\"{o}rster, M. and Rentz, S. and Rother, M.},
  journal={Journal of geophysical research},
  volume={112},
  number={A6},
  pages={A06303},
  year={2007},
  issn = {2156-2202},
  publisher={American Geophysical Union}
}



@article{Korenkov2003,
author = {Korenkov, Yu.N. and Klimenko, V.V. and Bessarab, F.S. and Nutsvalyan, N.S. and Stanislawska, I.},
file = {:C$\backslash$:/Users/sampadpanda/Desktop/downloads/11 AUGUST 1999 SOLAR ECLIPSE\_Korenkov.pdf:pdf},
issn = {02731177},
journal = {Advances in Space Research},
mendeley-groups = {Eclipse,Eclipse/New Folder,Eclipse/New Folder/New Folder},
month = jan,
number = {4},
pages = {995--1000},
title = {{Model/data comparison of the F2-region parameters for the 11 August 1999 solar eclipse}},
volume = {31},
year = {2003}
}




@article{Adeniyi2007,
author = {Adeniyi, J. O. and Radicella, S. M. and Adimula, I. A. and Willoughby, A. A. and Oladipo, O. A. and Olawepo, O.},
journal = {Journal of Geophysical Research},
month = jun,
number = {A6},
pages = {A06314},
title = {{Signature of the 29 March 2006 eclipse on the ionosphere over an equatorial station}},
volume = {112},
year = {2007}
}


@article{Le2008b,
author = {Le, Huijun and Liu, Libo and Yue, Xinan and Wan, Weixing},
issn = {0148-0227},
journal = {Journal of Geophysical Research},
mendeley-groups = {Eclipse,Eclipse/New Folder,Eclipse/New Folder/New Folder},
month = aug,
number = {A8},
pages = {A08309},
title = {{The midlatitude F2 layer during solar eclipses: Observations and modeling}},
volume = {113},
year = {2008}
}


@article{Tsai1999,
author = {Tsai, H. F. and Liu, J. Y.},
file = {:C$\backslash$:/Users/sampadpanda/Desktop/downloads/Ionospherict otal electronc ontentr esponseto solar eclipses\_TSAI.pdf:pdf},
issn = {0148-0227},
journal = {Journal of Geophysical Research},
mendeley-groups = {Eclipse,Eclipse/New Folder,Eclipse/New Folder/New Folder},
number = {A6},
pages = {12657},
title = {{Ionospheric total electron content response to solar eclipses}},
volume = {104},
year = {1999}
}



@article{Skinner19691333,
title = "{A new analysis of eclipse effects in the equatorial F-region}",
journal = "Journal of Atmospheric and Terrestrial Physics ",
volume = "31",
number = "11",
pages = "1333 - 1344",
year = "1969",
note = "",
issn = "0021-9169",
author = "N. J. Skinner"
}


@article {Klobuchar1965,
author = {Klobuchar, J. A. and Whitney, H. E.},
title = "{Ionospheric electron content measurements during a solar eclipse}",
journal = {Journal of Geophysical Research},
volume = {70},
number = {5},
issn = {2156-2202},
pages = {1254--1257},
year = {1965},
}




@article{MadhavHaridas2012,
author = {{Madhav Haridas}, M. K. and Manju, G.},
issn = {0148-0227},
journal = {Journal of Geophysical Research},
mendeley-groups = {Eclipse,Eclipse/New Folder,Eclipse/New Folder/New Folder},
month = jan,
number = {A1},
pages = {A01302},
title = {{On the response of the ionospheric F region over Indian low-latitude station Gadanki to the annular solar eclipse of 15 January 2010}},
volume = {117},
year = {2012}
}


@article{Pal2012,
author = {Pal, Sujay and Chakrabarti, Sandip K. and Mondal, Sushanta K.},
issn = {02731177},
journal = {Advances in Space Research},
mendeley-groups = {Eclipse,Eclipse/New Folder,Eclipse/New Folder/New Folder},
month = jul,
number = {2},
pages = {196--204},
publisher = {COSPAR},
title = {{Modeling of sub-ionospheric VLF signal perturbations associated with total solar eclipse, 2009 in Indian subcontinent}},
volume = {50},
year = {2012}
}



@article{Subrahmanyam2013,
author = {Subrahmanyam, K. Venkata and Kumar, Karanam Kishore and Ramkumar, Geetha},
issn = {01698095},
journal = {Atmospheric Research},
mendeley-groups = {Eclipse,Eclipse/New Folder,Eclipse/New Folder/New Folder},
month = mar,
number = {July 2009},
pages = {1--7},
publisher = {Elsevier B.V.},
title = {{Delayed effects of annular solar eclipse of 15 January 2010 on the tropospheric and lower stratospheric winds along the eclipse path}},
volume = {122},
year = {2013}
}


@article{Manju2012,
author = {Manju, G. and Sridharan, R. and Ravindran, Sudha and {Madhav Haridas}, M.K. and Pant, Tarun K. and Sreelatha, P. and {Mohan Kumar}, S.V.},
issn = {13646826},
journal = {Journal of Atmospheric and Solar-Terrestrial Physics},
mendeley-groups = {Eclipse},
month = sep,
pages = {56--64},
publisher = {Elsevier},
title = {{Rocket borne in-situ Electron density and Neutral Wind measurements in the equatorial ionosphere—Results from the January 2010 annular solar eclipse campaign from India}},
volume = {86},
year = {2012}
}



@article{Lin2012,
author = {Lin, C. -Y. and Liu, J. -Y. and Lin, C. -H. and Sun, Y. -Y. and Araujo-pradere, E. A. and Kakinami, Y.},
issn = {13438832},
journal = {Earth, Planets and Space},
mendeley-groups = {Eclipse},
month = jul,
number = {6},
pages = {513--520},
title = {{Using the IRI, the MAGIC model, and the co-located ground-based GPS receivers to study ionospheric solar eclipse and storm signatures on July 22, 2009}},
volume = {64},
year = {2012}
}


@article {Le2010,
author = {Le, Huijun and Liu, Libo and Ding, Feng and Ren, Zhipeng and Chen, Yiding and Wan, Weixing and Ning, Baiqi and Xu, Guirong and Wang, Min and Li, Guozhu and Xiong, Bo and Hu, Lianhuan},
title = "{Observations and modeling of the ionospheric behaviors over the east Asia zone during the 22 July 2009 solar eclipse}",
journal = {Journal of Geophysical Research: Space Physics},
volume = {115},
number = {A10313},
issn = {2156-2202},
pages = {1--7},
year = {2010},
}




@article {Choudhary2011,
author = {Choudhary, R. K. and St.-Maurice, J. -P. and Ambili, K. M. and Sunda, Surendra and Pathan, B. M.},
title = {{The impact of the January 15, 2010, annular solar eclipse on the equatorial and low latitude ionospheric densities}},
journal = {Journal of Geophysical Research: Space Physics},
volume = {116},
number = {A9},
issn = {2156-2202},
year = {2011},
}



@article {Galov2010,
author = {Galov, P. and Sharma, S. and Pandey, R.},
title = "{Total electron content in peninsular India during the eclipse of 15 January 2010}",
journal = {Current Science},
volume = {99},
number = {6},
pages = {731--732},
year = {2010},
}


@Article{SanjayKumar2013,
AUTHOR = {Kumar, S. and Singh, A. K. and Singh, R. P.},
TITLE = "{Ionospheric response to total solar eclipse of 22 July 2009 in different Indian regions}",
JOURNAL = {Annales Geophysicae},
VOLUME = {31},
YEAR = {2013},
NUMBER = {9},
PAGES = {1549--1558},
}


@article{Bamford2001,
author = {Bamford, R.a.},
issn = {14641917},
journal = {Physics and Chemistry of the Earth, Part C: Solar, Terrestrial \& Planetary Science},
mendeley-groups = {Eclipse,Eclipse/New Folder,Eclipse/New Folder/New Folder},
month = jan,
number = {5},
pages = {373--377},
title = {{The effect of the 1999 total solar eclipse on the ionosphere}},
volume = {26},
year = {2001}
}


@article{Szendrei1956,
title = "{Recombination and attachment in the F1 and F2 layers during the solar eclipse of 25 December 1954}",
journal = "Journal of Atmospheric and Terrestrial Physics ",
volume = "9",
number = "2–3",
pages = "118 - 130",
year = "1956",
note = "",
issn = "0021-9169",
author = "Szendrei, M. E. and McElhinny, M. W."
}

@article{Abidin2006,
author = {Rashid, Z. A. and Momani, M. A. and Sulaiman, S. and Ali, M. A. M. and Yatim, B. and Fraser, G. and Sato, N.},
issn = {13646826},
journal = {Journal of Atmospheric and Solar-Terrestrial Physics},
mendeley-groups = {Eclipse,Eclipse/New Folder,Eclipse/New Folder/New Folder},
month = jul,
number = {11},
pages = {1219--1236},
title = {{GPS ionospheric TEC measurement during the 23rd November 2003 total solar eclipse at Scott Base Antarctica}},
volume = {68},
year = {2006}
}


@article{chapman1951,
year={1951},
issn={0066-6416},
journal={Archiv für Meteorologie, Geophysik und Bioklimatologie, Serie A},
volume={4},
number={1},
title={{The equatorial electrojet as detected from the abnormal electric current distribution above Huancayo, Peru, and elsewhere}},
author={Chapman, S.},
pages={368-390},
language={English}
}




@ARTICLE{Rastogi1989,
   author = {{Rastogi}, R.~G.},
    title = "{The equatorial electrojet: magnetic and ionsopheric effects.}",
  journal = {Geomagnetism, Vol.~3, p.~461 - 525},
     year = 1989,
   volume = 3,
    pages = {461-525},
  adsnote = {Provided by the SAO/NASA Astrophysics Data System}
}



@ARTICLE{Appleton1946,
   author = {{Appleton}, E.~V.},
    title = "{Two Anomalies in the Ionosphere}",
  journal = {Nature},
     year = 1946,
    month = may,
   volume = 157,
    pages = {691},
  adsnote = {Provided by the SAO/NASA Astrophysics Data System}
}



@ARTICLE{Deshpande1977,
   author = {{Deshpande}, M.~R. and {Rastogi}, R.~G. and {Vats}, H.~O. and 
	{Sethia}, G. and {Klobuchar}, J.~A. and {Jain}, A.~R. and {Subbarao}, B.~S. and 
	{Patwari}, V.~M. and {Janve}, A.~V. and {Rai}, R.~K.},
    title = "{Effect of electrojet on the total electron content of the ionosphere over the Indian subcontinent}",
  journal = {Nature},
     year = 1977,
    month = jun,
   volume = 267,
    pages = {599},
  adsnote = {Provided by the SAO/NASA Astrophysics Data System}
}


@ARTICLE{Mitra1946,
   author = {{Mitra}, S.~K.},
    title = "{Geomagnetic Control of Region F$_{2}$ of the Ionosphere}",
  journal = {Nature},
     year = 1946,
    month = nov,
   volume = 158,
    pages = {668-669},
  adsnote = {Provided by the SAO/NASA Astrophysics Data System}
}



@ARTICLE{Martyn1947,
   author = {{Martyn}, D.~F.},
    title = "{Atmospheric Tides in the Ionosphere. I. Solar Tides in the F$_{2}$ Region}",
  journal = {Royal Society of London Proceedings Series A},
     year = 1947,
    month = apr,
   volume = 189,
    pages = {241-260},
  adsnote = {Provided by the SAO/NASA Astrophysics Data System}
}


@ARTICLE{Hargreaves1995,
   author = {{Hargreaves}, J.~K.},
    title = "{The solar-terrestrial environment. An introduction to geospace - the science of the terrestrial upper atmosphere, ionosphere and magnetosphere.}",
  journal = {Camb.~Atmos.~Space Sci.~Ser., Vol.~5,},
     year = 1995,
   volume = 5,
  adsnote = {Provided by the SAO/NASA Astrophysics Data System}
}


@article{Gouin1967,
author = {Gouin, P. and Mayaud, P. N. },
issn = {14641917},
journal = {Ann. Geophys.},
number = {},
pages = {41--47},
title = {{A propos de existence possible d’un contre electrojet and latitudes magnetiques equatorials}},
volume = {23},
year = {1967}
}

@article{SavitzkyGolay1964,
author = {Savitzky, A. and Golay, M. J. E.},
title = {Smoothing and Differentiation of Data by Simplified Least Squares Procedures.},
journal = {Analytical Chemistry},
volume = {36},
number = {8},
pages = {1627-1639},
year = {1964},
eprint = {http://pubs.acs.org/doi/pdf/10.1021/ac60214a047}
}

@article{Sauli2007,
title = "{Acoustic–gravity waves during solar eclipses: Detection and characterization using wavelet transforms}",
journal = "{Journal of Atmospheric and Solar-Terrestrial Physics}",
volume = "69",
number = "17–18",
pages = "2465 - 2484",
year = "2007",
issn = "1364-6826",
author = "P. Šauli and S.G. Roux and P. Abry and J. Boška",
}

@article{Goodwin1978,
title = "{Atmospheric gravity waves generated during a solar eclipse}",
journal = "{Nature}",
volume = "275",
pages = "109–111",
year = "1978",
author = "G. L. Goodwin and G. J. Hobson",
}

@article{Walker1991,
title = "{Ionospheric and geomagnetic effects of the solar eclipse of 18 March 1988 in East Asia }",
journal = "Journal of Atmospheric and Terrestrial Physics ",
volume = "53",
number = "1–2",
pages = "25 - 37",
year = "1991",
note = "",
issn = "0021-9169",
author = "G.O . Walker and T.Y.Y. Li and Y.W. Wong and T. Kikuchi and Y.N. Huang"
}

@article {Chimonas1970,
author = {Chimonas, G. and Hines, C. O.},
title = {Atmospheric gravity waves induced by a solar eclipse},
journal = {Journal of Geophysical Research},
volume = {75},
number = {4},
issn = {2156-2202},
pages = {875--875},
year = {1970},
}

@article{Dutta2011,
title = "{Response of tropical lower atmosphere to annular solar eclipse of 15 January, 2010}",
journal = "Journal of Atmospheric and Solar-Terrestrial Physics ",
volume = "73",
number = "13",
pages = "1907 - 1914",
year = "2011",
note = "",
issn = "1364-6826",
author = "Dutta, G. and P. Vinay Kumar and M. Venkat Ratnam and S. Mohammad and M. C. Ajay Kumar and P. V. Rao and K. Rahaman and H. A. Basha",
}



@techreport{eclipsepathEspenak,
title = {{Annular and total solar eclipses of 2010}},
author = {Espenak, F. and J. Anderson},
year = {2008},
number = "{NASA TP-2008-214171}",
institution = {Goddard Space Flight Center, Greenbelt, MD},
pages = "1 - 90",     
}

@article {Sumod2011,
author = {Sumod, S. G. and Pant, T. K. and Vineeth, C. and Hossain, M. M. and Antonita, M.},
title = {Response of the tropical mesopause to the longest annular solar eclipse of this millennium},
journal = {Journal of Geophysical Research: Space Physics},
volume = {116},
number = {A6},
issn = {2156-2202},
pages = {},
year = {2011},
}


@article{Mayaud1977,
title = "{The equatorial counter-electrojet - A review of its geomagnetic aspects}",
journal = "Journal of Atmospheric and Terrestrial Physics ",
volume = "39",
number = "9–10",
pages = "1055 - 1070",
year = "1977",
note = "",
issn = "0021-9169",
author = "P. N. Mayaud"
}


@article{Reddy1981,
title = "{The equatorial electrojet: a review of the ionospheric and geomagnetic aspects}",
journal = "Journal of Atmospheric and Terrestrial Physics ",
volume = "43",
number = "5–6",
pages = "557 - 571",
year = "1981",
issn = "0021-9169",
author = "C. A. Reddy"
}


@article{Titheridge1973,
title = "The slab thickness of the mid-latitude ionosphere ",
journal = "Planetary and Space Science ",
volume = "21",
number = "10",
pages = "1775 - 1793",
year = "1973",
note = "",
issn = "0032-0633",
author = "J. E. Titheridge"
}


@article {Davies1991,
author = {Davies, K. and Liu, X. M.},
title = {Ionospheric slab thickness in middle and low latitudes},
journal = {Radio Science},
volume = {26},
number = {4},
issn = {1944-799X},
pages = {997--1005},
year = {1991},
}

@Article{Venkatesh2011,
AUTHOR = {Venkatesh, K. and Rama Rao, P. V. S. and Prasad, D. S. V. V. D. and Niranjan, K. and Saranya, P. L.},
TITLE = "{Study of TEC, slab-thickness and neutral temperature of the thermosphere in the Indian low latitude sector}",
JOURNAL = {Annales Geophysicae},
VOLUME = {29},
YEAR = {2011},
NUMBER = {9},
PAGES = {1635--1645},
}

@article {GAIM2004,
author = {Schunk, Robert W. and Scherliess, Ludger and Sojka, Jan J. and Thompson, Donald C. and Anderson, David N. and Codrescu, Mihail and Minter, Cliff and Fuller-Rowell, Timothy J. and Heelis, Roderick A. and Hairston, Marc and Howe, Bruce M.},
title = "{Global Assimilation of Ionospheric Measurements (GAIM)}",
journal = {Radio Science},
volume = {39},
number = {1},
issn = {1944-799X},
pages = {n/a--n/a},
year = {2004},
}

@article {Titheridge1988,
author = {Titheridge, J. E.},
title = {The real height analysis of ionograms: A generalized formulation},
journal = {Radio Science},
volume = {23},
number = {5},
issn = {1944-799X},
pages = {831--849},
year = {1988},
}

@inproceedings{Antonova1995,
   author = {{Antonova}, V. P. and {Zusmanovich}, A. G.},
    title = "{Fluctuations of Cosmic Rays of the Geophysical Origin}",
  booktitle= {24th International Cosmic Ray Conference},
     year = 1995,
   volume = 4,
    pages = {1094--1097},
 }





@article{Bhuyan2009,
title = "{The equatorial ionization anomaly at the topside F region of the ionosphere along $75\textdegree$E} ",
journal = "{Advances in Space Research} ",
volume = "43",
number = "11",
pages = "1676 - 1682",
year = "2009",
issn = "0273-1177",
author = "Bhuyan, P. K. and Bhuyan, K.",
}



@article{Bhuyan200255,
title = "{Electron density measurements in the topside F-region and its comparison with the IRI in the $75^{\circ}$E longitude sector}",
journal = "Journal of Atmospheric and Solar-Terrestrial Physics ",
volume = "64",
number = "1",
pages = "55--64",
year = "2002",
note = "",
issn = "1364-6826",
author = "P. K. Bhuyan and M. Chamua",
}

@article{Bhuyan2003,
title = "{Diurnal, seasonal and latitudinal variation of electron density in the topside F-region of the Indian zone ionosphere at solar minimum and comparison with the IRI} ",
journal = "Journal of Atmospheric and Solar-Terrestrial Physics ",
volume = "65",
number = "3",
pages = "359 - 368",
year = "2003",
note = "",
issn = "1364-6826",
author = "P. K. Bhuyan and M. Chamua and K. Bhuyan and P. Subrahmanyam and S. C. Garg",
}

@article{Bhuyan2013,
title = "{GPS TEC near the crest of the EIA at $95^{\circ}$E during the ascending half of solar cycle 24 and comparison with IRI simulations}",
journal = "Advances in Space Research ",
volume = "52",
number = "7",
pages = "1247 - 1260",
year = "2013",
note = "",
issn = "0273-1177",
author = "Bhuyan, P.K. and Hazarika, R.",
}

@article {Bhaskar2013,
author = {Bhaskar, A. and Vichare, G.},
title = "{Characteristics of penetration electric fields to the equatorial ionosphere during southward and northward IMF turnings}",
journal = "{Journal of Geophysical Research: Space Physics}",
volume = {118},
number = {7},
issn = {2169-9402},
pages = {4696--4709},
year = {2013},
}

@article {Hajra2009,
author = {Hajra, R. and Chakraborty, S. K. and Paul, A.},
title = "{Electrodynamical control of the ambient ionization near the equatorial anomaly crest in the Indian zone during counter electrojet days}",
journal = {Radio Science},
volume = {44},
number = {3},
issn = {1944-799X},
year = {2009},
}


@article {Dabas1984,
author = {Dabas, R. S. and Bhuyan, P. K. and Tyagi, T. R. and Bhardwaj, R. K. and Lal, J. B.},
title = "{Day-to-day changes in ionospheric electron content at low latitudes}",
journal = {Radio Science},
volume = {19},
number = {3},
issn = {1944-799X},
pages = {749--756},
year = {1984},
}



@TECHREPORT{1990IRIBilitza,
   author = {{Bilitza}, D. and {Rawer}, K. and {Bossy}, L. and {Kutiev}, I. and 
	{Oyama}, K.-I. and {Leitinger}, R. and {Kazimirovsky}, E.},
    title = "{International reference ionosphere 1990}",
booktitle = {},
     year = 1990,
   editor = {{Bilitza}, D. and {Rawer}, K. and {Bossy}, L. and {Kutiev}, I. and 
	{Oyama}, K.-I. and {Leitinger}, R. and {Kazimirovsky}, E.},
}


@article{IRIBilitza2010,
year={2011},
issn={0949-7714},
journal={Journal of Geodesy},
volume={85},
number={12},
title="{The international reference ionosphere today and in the future}",
publisher={Springer-Verlag},
author={Bilitza, D. and McKinnell, L. and Reinisch, B. and Fuller-Rowell, T.},
pages={909-920},
language={English}
}




@ARTICLE{Martyn1947,
   author = {{Martyn}, D.~F.},
    title = "{Atmospheric Tides in the Ionosphere. I. Solar Tides in the F$_{2}$ Region}",
  journal = {Royal Society of London Proceedings Series A},
     year = 1947,
    month = apr,
   volume = 189,
    pages = {241-260},
  adsnote = {Provided by the SAO/NASA Astrophysics Data System}
}


@article{skpanda,
 Author = {Panda, S. K. and Gedam, S. S.},
 title = "{GPS derived spatial ionospheric total electron content variation over South-Indian latitudes during intense geomagnetic storms}",
 journal = "{Proc. SPIE}",
 volume = {8535},
 pages = "{85350B-85350B-10}",
 editor = {Karin Stein and John Gonglewski},
 year   = {2012}
} 




@article{spim,
author = {Gulyaeva, T. L.},
title = "{International Standard Model of the Earth's Ionosphere and Plasmasphere}",
journal = {Astronomical and Astrophysical Transactions},
volume = {22},
number = {4-5},
pages = {639-643},
year = {2003},
eprint = {http://www.tandfonline.com/doi/pdf/10.1080/10556790308565760}
}

@article{Alizadeh,
year={2011},
journal={Journal of Geodesy},
volume={85},
number={12},
title="{Global Ionosphere Maps of VTEC from GNSS, satellite altimetry, and formosat-3/COSMIC data}",
publisher={Springer-Verlag},
author={Alizadeh, M. M. and Schuh, H. and Todorova, S. and Schmidt, M.},
pages={975-987},
}

@article{cai2007,
year={2007},
issn={1009-5020},
journal={Geo-spatial Information Science},
volume={10},
number={2},
title= {{Monitoring seasonal variations of ionospheric TEC using GPS measurements}},
author={Cai, C.},
pages={96-99},
}


@INBOOK{GulyaevaSPIM,
AUTHOR= {Gulyaeva, T. L. and Bilitza, D.}, 
EDITOR= { Larsen, R. J.},
TITLE = "{New Developments in the Standard Model}",
CHAPTER   = {“Towards ISO Standard Earth Ionosphere and Plasmasphere Model”},
PAGES     = {1-39},
PUBLISHER = {NOVA},
YEAR      = {2012},
Volume    = {},
Series    = {},
Address   = {Hauppauge, New York},
Edition   = {},
Month     = {},
Note      = {},
Key       = {}
}

 
@article {Das:Das01,
author = {DasGupta,  A. and Paul, A. and Das, A.},
title = "{Ionospheric total electron content (TEC) studies with GPS in the equatorial region}",
journal = {Indian Journal of Radio and Space Physics},
volume = {36},
pages = {278--292},
year = {1997},
}

@article {iri:iri01,
author = {Bilitza, D. and Rawer, K. and Gulyaeva T. L.},
title = "{International Reference Ionosphere - Past, Present, Future}",
journal = {Adv. Space Res.},
volume = {13},
number = {3},
pages = {3--23},
year = {1993},
}

@article {Davies1997,
author = {Davies, K. and Hartmann, G. K.},
title = "{Studying the ionosphere with the Global Positioning System}",
journal = {Radio Science},
volume = {32},
number = {4},
issn = {1944-799X},
pages = {1695--1703},
year = {1997},
}


@Article{ars-2-283-2004,
AUTHOR = {Bilitza, D.},
TITLE = "{35 years of International Reference Ionosphere – Karl Rawer’s legacy}",
JOURNAL = {Advances in Radio Science},
VOLUME = {2},
YEAR = {2004},
PAGES = {283--287},
}


@article {Seemala2011,
author = {Seemala, G. K. and Valladares, C. E.},
title = "{Statistics of total electron content depletions observed over the South American continent for the year 2008}",
journal = {Radio Science},
volume = {46},
number = {5},
issn = {1944-799X},
pages = {},
year = {2011},
}

@article {Calais1995,
author = {Calais, E. and Minster, J. B.},
title = "{GPS detection of ionospheric perturbations following the January 17, 1994, Northridge Earthquake}",
journal = {Geophysical Research Letters},
volume = {22},
number = {9},
issn = {1944-8007},
pages = {1045--1048},
year = {1995},
}




@article{Liu2012,
title = "{Vertical  TEC variations and model during low solar activity at a low latitude station, Xiamen} ",
journal = "Advances in Space Research ",
volume = "49",
number = "3",
pages = "530 - 538",
year = "2012",
note = "",
issn = "0273-1177",
author = " Liu, G. and  Huang, W. and Shen, H. and Gong, J.",
}


@PhdThesis{Komjathy1997,
           title = "{Global Ionospheric Total Electron Content Mapping Using the Global Positioning System}",
          author = {Komjathy, A.},
          school = {Dept. of Geodesy and Geomatics Engineering, University of New Brunswick},
           month = {September},
            year = {1997},
}




@MastersThesis{Hong:Thesis:2008,
    author =  {Hong, L. W.},
    title     =  {{Interpolation and mapping of the total electron content over the Malaysian region}},
    school = {Faculty of Geoinformation Science and Engineering University of Technology},
    address = { Malaysia},
    year =  {2008},
    }

@article {Kane1980,
author = {Kane, R. P.},
title = "{Irregular variations in the global distribution of total electron content}",
journal = {Radio Science},
volume = {15},
number = {4},
issn = {1944-799X},
pages = {837--842},
year = {1980},
}





@article{Rishbeth1995,
year={1995},
issn={0992-7689},
journal={Annales Geophysicae},
volume={13},
number={4},
title="{The F-layer at sunrise}",
author={Rishbeth, H. and Jenkins, B. and Moffett, R.J.},
pages={367-374},
language={English}
}



@article{Bittencourt1994995,
title = "{On the IRI model predictions for the low-latitude ionosphere} ",
journal = "Journal of Atmospheric and Terrestrial Physics ",
volume = "56",
number = "8",
pages = "995 - 1009",
year = "1994",
note = "",
issn = "0021-9169",
author = "J. A. Bittencourt and M. Chryssafidis"
}


@article{Ezquer2004,
title = "{GPS-VTEC measurements and IRI predictions in the South American sector}",
journal = "Advances in Space Research ",
volume = "34",
number = "9",
pages = "2035 - 2043",
year = "2004",
issn = "0273-1177",
author = "R. G. Ezquer and C. Brunini and M. Mosert and A. Meza and R. del V. Oviedo and E. Kiorcheff and S.M. Radicella",
}


@article{Rao2010,
author = {Rao, N. V. and Madhu, T and Kishore, K.  L.},
number = {3},
pages = {37--42},
JOURNAL = "International Journal of Computer Science and Network Security",
title = "{Geomagnetic Storm Effects on GPS Aided Navigation over Low Latitude South Indian Region}",
volume = {10},
year = {2010},
}

@Article{RamaRao2009,
AUTHOR = {Rama Rao, P. V. S. and Seemala, G. K. and Vara Prasad, J. and Prasad, S. N. V. S. and Prasad, D. S. V. V. D. and Niranjan, K.},
TITLE = "{Geomagnetic storm effects on GPS based navigation}",
JOURNAL = {Annales Geophysicae},
VOLUME = {27},
YEAR = {2009},
NUMBER = {5},
PAGES = {2101--2110},
}



@ARTICLE{Yang2005,
   author = {{Yang}, Y. and {Zhang}, S.},
    title = "{Adaptive fitting of systematic errors in navigation}",
  journal = {Journal of Geodesy},
     year = 2005,
    month = jun,
   volume = 79,
    pages = {43-49},
  adsnote = {Provided by the SAO/NASA Astrophysics Data System}
}

@ARTICLE{Gao,
   author = {{Gao}, Y. and {Liu}, Z. Z.},
    title = "{Precise Ionosphere Modeling Using Regional GPS Network Data}",
  journal = {Journal of Global Positioning Systems},
     year = 2002,
    month = July,
   volume = 1,
    pages = {18-24},
  }




@Article{Dashora2009,
AUTHOR = {Dashora, N. and Sharma, S. and Dabas, R. S. and Alex, S. and Pandey, R.},
TITLE = "{Large enhancements in low latitude total electron content during 15 May 2005 geomagnetic storm in Indian zone}",
JOURNAL = {Annales Geophysicae},
VOLUME = {27},
YEAR = {2009},
NUMBER = {5},
PAGES = {1803--1820},
}




@article {Sreeja,
author = {Sreeja, V. and Devasia, C. V. and Ravindran, Sudha and Pant, Tarun Kumar and Sridharan, R.},
title = "{Response of the equatorial and low-latitude ionosphere in the Indian sector to the geomagnetic storms of January 2005}",
journal = {Journal of Geophysical Research: Space Physics},
volume = {114},
number = {A6},
issn = {2156-2202},
pages = {},
year = {2009},
}


@article {Mannucci1998,
author = {Mannucci, A. J. and Wilson, B. D. and Yuan, D. N. and Ho, C. H. and Lindqwister, U. J. and Runge, T. F.},
title = "{A global mapping technique for GPS-derived ionospheric total electron content measurements}",
journal = {Radio Science},
volume = {33},
number = {3},
issn = {1944-799X},
pages = {565--582},
year = {1998},
}

@ARTICLE{2005Gao,
   author = {{Liu}, Z. and {Gao}, Y. and {Skone}, S.},
    title = "{A study of smoothed TEC precision inferred from GPS measurements}",
  journal = {Earth, Planets, and Space},
     year = 2005,
    month = nov,
   volume = 57,
    pages = {999-1007},
  adsnote = {Provided by the SAO/NASA Astrophysics Data System}
}



@article{2007Moeketsi,
title = "{Mapping GPS-derived ionospheric Total Electron Content over Southern Africa during different epochs of solar cycle 23} ",
journal = "Advances in Space Research ",
volume = "39",
number = "5",
pages = "821 - 829",
year = "2007",
note = "",
issn = "0273-1177",
author = {{Moeketsi}, D.~M. and {Combrinck}, W.~L. and {McKinnell}, L.~A. and 
	{Fedrizzi}, M.},
}

@article{2007Opperman,
title = "{Development of a regional GPS-based ionospheric TEC model for South Africa}",
journal = "Advances in Space Research ",
volume = "39",
number = "5",
pages = "808 - 815",
year = "2007",
note = "",
issn = "0273-1177",
author = {{Opperman}, B.~D.~L. and {Cilliers}, P.~J. and {McKinnell}, L.-A. and 
	{Haggard}, R.},
}




@article{2007McKinnell,
journal = "Advances in Space Research ",
volume = "39",
number = "5",
pages = "816 - 820",
year = "2007",
note = "",
issn = "0273-1177",
author = {{McKinnell}, L. -A. and {Opperman}, B. and {Cilliers}, P.~J.},
title = "{GPS TEC and ionosonde TEC over Grahamstown, South Africa: First comparisons}",
}

@article{Gulyaeva2013329,
title = "{GIM-TEC adaptive ionospheric weather assessment and forecast system}",
journal = "Journal of Atmospheric and Solar-Terrestrial Physics ",
volume = "102",
number = "0",
pages = "329 - 340",
year = "2013",
note = "",
issn = "1364-6826",
author = "T. L. Gulyaeva and F. Arikan and M. Hernandez-Pajares and I. Stanislawska",
}



@ARTICLE{Hernandez2009,
   author = {{Hern{\'a}ndez-Pajares}, M. and {Juan}, J.~M. and {Sanz}, J. and 
	{Orus}, R. and {Garcia-Rigo}, A. and {Feltens}, J. and {Komjathy}, A. and 
	{Schaer}, S.~C. and {Krankowski}, A.},
    title = "{The IGS VTEC maps: a reliable source of ionospheric information since 1998}",
  journal = {Journal of Geodesy},
     year = 2009,
   volume = 83,
    pages = {263-275},
  adsnote = {Provided by the SAO/NASA Astrophysics Data System}
}



@article{Feltens2003,
title = "{The International GPS Service (IGS) Ionosphere Working Group} ",
journal = "Advances in Space Research ",
volume = "31",
number = "3",
pages = "635 - 644",
year = "2003",
issn = "0273-1177",
author = "J. Feltens"
}

@InProceedings{IONEX1998,
    author = {Schaer, S. and Gurtner, W. and Feltens, J.},
    title = {{IONEX}: The IONosphere Map EXchange Format Verson 1},
    booktitle = {Proceedings of the {IGS AC} Workshop},
    year = 1998,
    publisher = {},
    editor = {},
    pages = {},
}


@article{Abdu1996,
title = "{An overview of IRI-observational data comparison in American (Brazilian) sector low latitude ionosphere}",
journal = "Advances in Space Research ",
volume = "18",
number = "6",
pages = "13 - 22",
year = "1996",
issn = "0273-1177",
author = "Abdu, M. A. and Batista, I. S.  and de Souza, J. R. "
}

@article{Shastri1996,
title = "{Performance of IRI model predictions of F-region for Indian latitudes }",
journal = "Advances in Space Research ",
volume = "18",
number = "6",
pages = "41--44",
year = "1996",
issn = "0273-1177",
author = "Shastri, S.  and Aggarwal, S.  and Sethi, N. K. "
}

@article{McNamara1985,
title = "{The use of total electron content measurements to validate empirical models of the ionosphere}",
journal = "Advances in Space Research ",
volume = "5",
number = "7",
pages = "81 - 90",
year = "1985",
note = "",
issn = "0273-1177",
author = "McNamara, L. F."
}


@article{Sethi2011,
title = "{Validation of IRI-2007 against TEC observations during low solar activity over Indian sector }",
journal = "Journal of Atmospheric and Solar-Terrestrial Physics ",
volume = "73",
number = "7–8",
pages = "751 - 759",
year = "2011",
note = "",
issn = "1364-6826",
author = "Sethi, N. K.  and Dabas, R. S.  and Sarkar, S. K.",
}

@article{Sethi2001,
title = "{Comparative study of TEC with IRI model for solar minimum period at low latitude} ",
journal = "Advances in Space Research ",
volume = "27",
number = "1",
pages = "45 - 48",
year = "2001",
note = "",
issn = "0273-1177",
author = "Sethi, N. K. and Pandey, V. K. and Mahajan, K. K. "
}



@article{Batista1994,
title = "{Total electron content at low latitudes and its comparison with the  IRI90} ",
journal = "Advances in Space Research ",
volume = "14",
number = "12",
pages = "87 - 90",
year = "1994",
note = "",
issn = "0273-1177",
author = "Batista, I. S.  and de Souza, J. R.  and Abdu, M. A. and de Paula, E. R."
}



@article{Chauhan2010,
title = "{A morphological study of GPS-TEC data at Agra and their comparison with the IRI model }",
journal = "Advances in Space Research ",
volume = "46",
number = "3",
pages = "280 - 290",
year = "2010",
note = "",
issn = "0273-1177",
author = "Chauhan, V. and Singh, O.  P. ",
}




@article{Aggarwal2011,
title = "{TEC variability near northern EIA crest and comparison with IRI model} ",
journal = "Advances in Space Research ",
volume = "48",
number = "7",
pages = "1221 - 1231",
year = "2011",
note = "",
issn = "0273-1177",
author = "Aggarwal, M.",
}


@article{Adewale2012,
title = "{Low solar activity variability and IRI 2007 predictability of equatorial Africa  GPS TEC} ",
journal = "Advances in Space Research ",
volume = "49",
number = "2",
pages = "316 - 326",
year = "2012",
note = "",
issn = "0273-1177",
author = "Adewale, A. O.  and Oyeyemi, E. O.  and Cilliers, P. J.  and McKinnell, L. A.  and Adeloye, A. B. ",
}



@article{Prasad2012,
title = "{On the variabilities of the Total Electron Content (TEC) over the Indian low latitude sector }",
journal = "Advances in Space Research ",
volume = "49",
number = "5",
pages = "898 - 913",
year = "2012",
note = "",
issn = "0273-1177",
author = "Prasad, S.N.V.S.  and Rama Rao, P.V.S.  and Prasad, D.S.V.V.D.  and Venkatesh, K. and Niranjan, K. ",
}



@article{Olwendo2012,
title = "{Comparison of GPS TEC measurements with IRI-2007  TEC prediction over the Kenyan region during the descending phase of solar cycle 23 }",
journal = "Advances in Space Research ",
volume = "49",
number = "5",
pages = "914 - 921",
year = "2012",
note = "",
issn = "0273-1177",
author = "Olwendo, O. J.  and Baki, P.  and Cilliers, P.J.  and Mito, C.  and Doherty, P. ",
}


@article{Bramley1968,
title = "{Winds and electromagnetic drifts in the equatorial F2-region}",
journal = "Journal of Atmospheric and Terrestrial Physics ",
volume = "30",
number = "1",
pages = "99 - 111",
year = "1968",
note = "",
issn = "0021-9169",
author = "Bramley, E. N. and Young, M. "
}

@article {Tsai2001,
author = {Tsai, H. and Liu, J. and Tsai, W. and Liu, C. and Tseng, C. and Wu, C.},
title = "{Seasonal variations of the ionospheric total electron content in Asian equatorial anomaly regions}",
journal = {Journal of Geophysical Research: Space Physics},
volume = {106},
number = {A12},
issn = {2156-2202},
pages = {30363--30369},
year = {2001},
}


@article{Torr1973,
title = "{The seasonal behaviour of the F2-layer of the ionosphere}",
journal = "Journal of Atmospheric and Terrestrial Physics ",
volume = "35",
number = "12",
pages = "2237 - 2251",
year = "1973",
note = "",
issn = "0021-9169",
author = "Torr, M. R.  and Torr, D. G. "
}


@article{Liu2013366,
title = "{Seasonal variability of GPS-VTEC and model during low solar activity period (2006-2007) near the equatorial ionization anomaly crest location in Chinese zone} ",
journal = "Advances in Space Research ",
volume = "51",
number = "3",
pages = "366 - 376",
year = "2013",
note = "",
issn = "0273-1177",
author = " Liu, G. and  Huang, W. and Gong, J. and Shen, H.",
}



@article{Zakharenkova2013,
author = {Zakharenkova, I. E. and Cherniak, Iu. V. and Krankowski, A. and Shagimuratov, I. I.},
issn = {02731177},
journal = {Advances in Space Research},
number = {10},
pages = {1827--1836},
title = {{Analysis of electron content variations over Japan during solar minimum: Observations and modeling}},
volume = {52},
year = {2013}
}


@article{Troitsky2007SPIM,
year={2007},
issn={0016-7932},
journal={Geomagnetism and Aeronomy},
volume={47},
number={3},
title="{Ionospheric support of HF radiocommunication using maps of total electron content}",
publisher={Nauka/Interperiodica},
author={Troitsky, B. V. and Ortikov, M. Yu. and Lobanov, K. A. and Vlasov, A. A. and Pogorel’tsev, A. I.},
pages={389-394},
language={English}
}



@ARTICLE{SPIM6570763,
author={Sezen, U. and Sahin, O. and Arikan, F. and Arikan, O.},
journal={Antennas and Propagation, IEEE Transactions on},
title="{Estimation of $hmF2$ and $foF2$ Communication Parameters of Ionosphere $F2$-Layer Using GPS Data and IRI-Plas Model}",
year={2013},
volume={61},
number={10},
pages={5264-5273},
ISSN={0018-926X},
}


@article{HernandezPajares2002949,
title = "{Combining GPS measurements and IRI model values for space weather specification}",
journal = "Advances in Space Research ",
volume = "29",
number = "6",
pages = "949 - 958",
year = "2002",
note = "",
issn = "0273-1177",
author = "Hernandez-Pajares, M. and Juan, J. M. and Sanz, J.  and Bilitza, D. "
}


@article{Galav2010,
title = "{Characterization of low latitude GPS-TEC during very low solar activity phase}",
journal = "Journal of Atmospheric and Solar-Terrestrial Physics ",
volume = "72",
number = "17",
pages = "1309 - 1317",
year = "2010",
note = "",
issn = "1364-6826",
author = "Galav, P. and Dashora, N. and Sharma, S. and Pandey, R. ",
}


@Article{Zhao2009,
AUTHOR = {Zhao, B. and Wan, W. and Liu, L. and Ren, Z.},
TITLE = "{Characteristics of the ionospheric total electron content of the equatorial ionization anomaly in the Asian-Australian region during 1996-2004}",
JOURNAL = {Annales Geophysicae},
VOLUME = {27},
YEAR = {2009},
NUMBER = {10},
PAGES = {3861--3873},
}

@article{Mukherjee2010,
title = "Seasonal variation of total electron content at crest of equatorial anomaly station during low solar activity conditions ",
journal = "Advances in Space Research ",
volume = "46",
number = "3",
pages = "291 - 295",
year = "2010",
note = "",
issn = "0273-1177",
author = "Mukherjee, S.  and Sarkar , S. and Purohit, P. K.  and Gwal, A. K. ",
}


@article{Bagiya2011,
author = {Bagiya, M.  S. and Iyer, K. N. and Joshi, H. P. and Thampi, S. V. and Tsugawa, T. and Ravindran, S. and Sridharan, R. and Pathan, B. M.},
issn = {0148-0227},
journal = {Journal of Geophysical Research},
number = {A1},
pages = {A01303},
title = {{Low-latitude ionospheric-thermospheric response to storm time electrodynamical coupling between high and low latitudes}},
volume = {116},
year = {2011}
}

@Article{Bagiya2009,
AUTHOR = {Bagiya, Mala S. and Joshi, H. P. and Iyer, K. N. and Aggarwal, M. and Ravindran, S. and Pathan, B. M.},
TITLE = {TEC variations during low solar activity period (2005-2007) near the Equatorial Ionospheric Anomaly Crest region in India},
JOURNAL = {Annales Geophysicae},
VOLUME = {27},
YEAR = {2009},
NUMBER = {3},
PAGES = {1047--1057},
}



@Article{SPIMMaltseva2013,
AUTHOR = {Maltseva, O. A. and Zhbankov, G. A. and Mozhaeva, N. S.},
TITLE = "{Advantages of the new model of IRI (IRI-Plas) to simulate the ionospheric electron density: case of the European area}",
JOURNAL = {Advances in Radio Science},
VOLUME = {11},
YEAR = {2013},
PAGES = {307--311},
}

@article{Ezquer1999,
title = "{Predicted and measured electron density at 600 km altitude in the South American peak of the equatorial anomaly} ",
journal = "Journal of Atmospheric and Solar-Terrestrial Physics ",
volume = "61",
number = "5",
pages = "415 - 421",
year = "1999",
note = "",
issn = "1364-6826",
author = "Ezquer, R. G. and Carbrera, M. A. and Manzano, J. R. "
}

@article {Egedal1947,
author = {Egedal, J.},
title = {{The magnetic diurnal variation of the horizontal force near the magnetic equator}},
journal = {Terrestrial Magnetism and Atmospheric Electricity},
volume = {52},
number = {4},
issn = {0096-8013},
pages = {449--451},
year = {1947},
}


@article {Forbes1981,
author = {Forbes, J. M.},
title = {The equatorial electrojet},
journal = {Reviews of Geophysics},
volume = {19},
number = {3},
issn = {1944-9208},
pages = {469--504},
year = {1981},
}


@article {Rastogi1994,
author = {Rastogi, R. G.},
title = {Ionospheric current system associated with the equatorial counterelectrojet},
journal = {Journal of Geophysical Research: Space Physics},
volume = {99},
number = {A7},
issn = {2156-2202},
pages = {13209--13217},
year = {1994},
}


@article{mahajan2005,
  title="{Solar EUV flux during sunspot cycles 21, 22 and 23-Correlation with proxy indices and real time prediction}",
  author={Mahajan, K. K. and Dwivedi, A. K.},
  journal={Indian Journal of Radio and Space Physics},
  volume={34},
  number={3},
  pages={153--160},
  year={2005},
 }

@article{Xu2012,
title = "{Variability study of ionospheric total electron content at crest of equatorial anomaly in China from 1997 to 2007 }",
journal = "Advances in Space Research ",
volume = "50",
number = "1",
pages = "70 - 76",
year = "2012",
note = "",
issn = "0273-1177",
author = "Zhenzhong Xu and Weimin Wang and Nan Zhou and Xiaofei Song and Haotian Zhu",
}



@article {Lee2011,
author = {Lee, W. K. and Kil, H. and Kwak, Y.-S. and Wu, Q. and Cho, S. and Park, J. U.},
title = "{The winter anomaly in the middle-latitude F region during the solar minimum period observed by the Constellation Observing System for Meteorology, Ionosphere, and Climate}",
journal = {Journal of Geophysical Research: Space Physics},
volume = {116},
number = {A2},
issn = {2156-2202},
pages = {},
year = {2011},
}


@article{Ho1997,
  title="{A comparative study of ionospheric total electron content measurements using global ionospheric maps of GPS, TOPEX radar, and the Bent model}",
  author={Ho, CM and Wilson, BD and Mannucci, AJ and Lindqwister, UJ and Yuan, DN},
  journal={Radio Science},
  volume={32},
  number={4},
  pages={1499--1512},
  year={1997},
  publisher={Wiley Online Library}
}


@article{Mayaud1977,
title = "{The equatorial counter-electrojet - A review of its geomagnetic aspects}",
journal = "Journal of Atmospheric and Terrestrial Physics ",
volume = "39",
number = "9–10",
pages = "1055 - 1070",
year = "1977",
note = "",
issn = "0021-9169",
author = "Mayaud, P. N."
}

@article{Bhargava1983,
year={1983},
issn={0253-4126},
journal={Proceedings of the Indian Academy of Sciences - Section A. Part 2, Earth and Planetary Sciences},
volume={92},
number={1},
title={Indices of equatorial electrojet and counter-electrojet in the Indian region: Evolution of the indices and their authenticity},
publisher={Springer India},
author={Bhargava, B.N. and Arora, B.R. and Sastri, N.S.},
pages={45-55},
}

@article {Schlapp1979,
author = {Schlapp, D. M. and Malin, S. R. C.},
title = {Some features of the seasonal variation of geomagnetic lunar tides},
journal = {Geophysical Journal of the Royal Astronomical Society},
volume = {59},
number = {1},
issn = {1365-246X},
pages = {161--170},
year = {1979},
}

@article{Sethia1979,
author={Sethia,G. and Chandra,H. and Rastogi,R. G.},
year={1979},
title={Equatorial electroject control on the low latitude ionospheric total electron content},
journal={Proc.Ind.Acad.Sci.},
volume={88 A},
pages={87-91},
}

@article{Hazarika2014,
title = "{Spatial distribution of TEC across India in 2005: Seasonal asymmetries and IRI prediction} ",
journal = "Advances in Space Research ",
volume = "",
number = "",
pages = "In Press",
year = "2014",
note = "",
issn = "0273-1177",
author = "Hazarika, R. and Bhuyan, P. K.",
}

@article{Sur2013,
title = "{Comparison of standard TEC models with a Neural Network based TEC model using multistation GPS TEC around the northern crest of Equatorial Ionization Anomaly in the Indian longitude sector during the low and moderate solar activity levels of the 24th solar cycle} ",
journal = "Advances in Space Research ",
volume = "52",
number = "5",
pages = "810 - 820",
year = "2013",
note = "",
issn = "0273-1177",
author = "Sur, D. and Paul, A.",
}

@article {Park2012,
author = {Park, Jaeheung and Lühr, Hermann and Kunze, Markus and Fejer, Bela G. and Min, Kyoung Wook},
title = {Effect of sudden stratospheric warming on lunar tidal modulation of the equatorial electrojet},
journal = {Journal of Geophysical Research: Space Physics},
volume = {117},
number = {A3},
issn = {2156-2202},
pages = {},
year = {2012},
}



@article {Pedatella2013,
author = {Pedatella, N. M. and Liu, H.‒L.},
title = {The influence of atmospheric tide and planetary wave variability during sudden stratosphere warmings on the low latitude ionosphere},
journal = {Journal of Geophysical Research: Space Physics},
volume = {118},
number = {8},
issn = {2169-9402},
pages = {5333--5347},
year = {2013},
}

@article {Jakowski2011,
author = {Jakowski, N. and Mayer, C. and Hoque, M. M. and Wilken, V.},
title = {Total electron content models and their use in ionosphere monitoring},
journal = {Radio Science},
volume = {46},
number = {6},
issn = {1944-799X},
pages = {RS0D18},
year = {2011},
}



@article{Zakharenkova2014,
title = "{Vertical TEC representation by IRI 2012 and IRI Plas models for European midlatitudes}",
journal = "Advances in Space Research, In Press",
volume = "",
number = "0",
pages = "",
year = "2014",
note = "",
issn = "0273-1177",
doi = "http://dx.doi.org/10.1016/j.asr.2014.07.027",
author = "I.E. Zakharenkova and Iu.V. Cherniak and A. Krankowski and I.I. Shagimuratov",
}


@Article{SanjayKumar2014IRI,
AUTHOR = {Kumar, Sanjay and Tan, Eng and Razul, Sirajudeen and See, Chong Meng and Siingh, Devendraa},
TITLE = "{Validation of the IRI-2012 model with GPS-based ground observation over a low-latitude Singapore station}",
JOURNAL = {Earth, Planets and Space},
VOLUME = {66},
YEAR = {2014},
NUMBER = {1},
PAGES = {17},
ISSN = {1880-5981},
}


@ARTICLE{Appleton1946,
   author = {{Appleton}, E.~V.},
    title = "{Two Anomalies in the Ionosphere}",
  journal = {Nature},
     year = 1946,
    month = may,
   volume = 157,
    pages = {691},
}


@ARTICLE{Deshpande1977,
   author = {{Deshpande}, M. R. and {Rastogi}, R.~G. and {Vats}, H.~O. and 
	{Sethia}, G. and {Klobuchar}, J.~A. and {Jain}, A.~R. and {Subbarao}, B.~S. and 
	{Patwari}, V.~M. and {Janve}, A.~V. and {Rai}, R.~K.},
    title = {{Effect of electrojet on the total electron content of the ionosphere over the Indian subcontinent}},
  journal = {Nature},
   year = 1977,
    month = jun,
   volume = 267,
    pages = {599},
}


@article{Bhuyan2006,
title = "{Effect of solar activity on diurnal and seasonal variations of electron temperature measured by the SROSS C2 over Indian low latitudes} ",
journal = "Advances in Space Research ",
volume = "37",
number = "5",
pages = "885 - 891",
year = "2006",
author = "P.K. Bhuyan and Minakshi Chamua and P. Subrahmanyam and S.C. Garg",
}



@ARTICLE{Klobuchar1991,
   author = {{Klobuchar}, J. A.},
    title = "{Ionospheric Effects on GPS}",
  journal = {Early Innovation columns,GPS World},
     year = 1991
}


@article{Chandra1971,
title = "{Equatorial ionospheric drift and the electrojet}",
journal = "Planetary and Space Science ",
volume = "19",
number = "11",
pages = "1497 - 1503",
year = "1971",
author = "Chandra, H. and Misra, R. K. and Rastogi, R. G. ",
}


@article {RastogiandKlobuchar,
author = {Rastogi, R. G. and Klobuchar, J. A.},
title = "{Ionospheric electron content within the equatorial F2 layer anomaly belt}",
journal = {Journal of Geophysical Research: Space Physics},
volume = {95},
number = {A11},
pages = {19045--19052},
year = {1990},
}

@Article{RamaRao2006,
AUTHOR = {Rama~Rao, P. V. S. and Gopi Krishna, S. and Niranjan, K. and Prasad, D. S. V. V. D.},
TITLE = "{Temporal and spatial variations in TEC using simultaneous measurements from  the Indian GPS network of receivers during the low solar activity period of 2004-2005}",
JOURNAL = {Annales Geophysicae},
VOLUME = {24},
YEAR = {2006},
NUMBER = {12},
PAGES = {3279--3292},
}


@Article{Chakraborty2009,
AUTHOR = {Chakraborty, S. K. and Hajra, R.},
TITLE = {{Electrojet control of ambient ionization near the crest of the equatorial anomaly in the Indian zone}},
JOURNAL = {Annales Geophysicae},
VOLUME = {27},
YEAR = {2009},
NUMBER = {1},
PAGES = {93--105},
}


@Article{Panda2012,
 Author = {Panda, S. K. and Gedam, S. S.},
 title = "{GPS derived spatial ionospheric total electron content variation over South-Indian latitudes during intense geomagnetic storms}",
 journal = "{Proc. SPIE 8535, Optics in Atmospheric Propagation and Adaptive Systems XV}",
 pages = "{85350B-85350B-10}",
 editor = {Karin Stein and John Gonglewski},
 month = {November},
 year   = "{2012}"
} 


@article{Panda2014b,
title = "{Study of Ionospheric TEC from GPS observations and comparisons with IRI and SPIM model predictions in the low latitude anomaly Indian subcontinental region}",
journal = "Advances in Space Research ",
volume = "",
number = "",
pages = "",
year = "2014",
note = "",
doi = "{http://dx.doi.org/10.1016/j.asr.2014.09.004}",
author = "Panda, S. K. and Gedam, S. S. and Rajaram, G.",
}


@article{Panda2014a,
year={2014},
journal={Astrophysics and Space Science},
volume={354},
number={2},
pages = {267-274},
title="{A multi-technique study of the 29-31 October 2003 geomagnetic storm effect on low latitude ionosphere over Indian region with magnetometer, ionosonde, and GPS observations}",
author={Panda, S. K. and Gedam, S. S. and Rajaram, G. and Sripathi, S. and Pant, T. K.and Das, R. M.},
}

@article{Bhar1976,
  title="{Investigations on ionospheric electron content and electron density irregularities at low latitudes with geostationary satellites}",
  author={Bhar, J. N. and Basu, S. and Dasgupta, A. and Guhathakurfa, B. K. and Bhattacharyya, G. N.},
  journal={Final Scientific Report, 1 Jan. 1971-31 Dec. 1975 Calcutta Univ.(India). Inst. of Radio Physics and Electronics.},
  volume={1},
  year={1976}
}

@ARTICLE{Basu1975,
   author = {Basu, S. and Guhathakurta, B. K. and Basu, S.},
    title = "{Ionospheric response to geomagnetic storms at low midlatitudes}",
  journal = {Annales de Geophysique},
      year = 1975,
    month = dec,
   volume = 31,
    pages = {497-505},
  }
  
  
  @ARTICLE{RamTyagi1966,
     author = {Ram~Tyagi, T. and Somayajulu, Y. V.},
      title = "{Some Results of Electron Content Measurements at Delhi From Faraday Fading of S-66 Transmissions}",
    journal = {Radio Science},
       year = 1966,
     volume = 1,
      pages = {1125},
  }
  
  
  
 @article{Deshpande1980,
 author = { Deshpande, M. R. and Rastogi, R. G. and Sen~Gupta, A. and Nagpal, O. P. and 
   Setty, C. S. G. K. and Jain, A. R. and Rai, R. K. and Janve, A. V. and Patwari, V. M. and Subbarao, B. S.},
 title = "{Study of medium scale TIDs using
   multistation ATS-6 Faraday rotation data}",
 journal = {Indian Journal of Radio and Space Physics},
 volume = {8},
 pages = {186},
 year = {1980},
 }
 
 
@Article{RamaRao2002,
 Author = {Rama~Rao, P. V. S. and Das~Gupta, A. and Doherty, P. and Klobuchar, J. A.},
 title = "{Variability of the ionospheric F2-region over the Indian subcontinent}",
 journal = "{Proc. Iono Eff Symp, Virginia, USA}",
 pages = "{5A-4}",
 editor = {},
 month = {},
 year   = "{2002}"
}


@Article{Jain2010,
AUTHOR = "Jain, A. and Tiwari, S. and Jain, S. and Gwal, A. K.",
TITLE = "{TEC response during severe geomagnetic storms near the crest of equatorial ionization anomaly}",
JOURNAL = {Indian Journal of Radio and Space Physics},
VOLUME = {39},
YEAR = {2010},
NUMBER = {1},
PAGES = {11--24},
DOI = {}
}


@Article{Bagiya2009,
AUTHOR = {Bagiya, M. S. and Joshi, H. P. and Iyer, K. N. and Aggarwal, M. and Ravindran, S. and Pathan, B. M.},
TITLE = {TEC variations during low solar activity period (2005-2007) near the Equatorial Ionospheric Anomaly Crest region in India},
JOURNAL = {Annales Geophysicae},
VOLUME = {27},
YEAR = {2009},
NUMBER = {3},
PAGES = {1047--1057},
}

   
@Article{Chauhan2011,
AUTHOR = "Chauhan, V. and Singh, O. P. and Singh, B.",
TITLE = "{Diurnal and seasonal variation of GPS-TEC during a low solar activity period as
observed at a low latitude station Agra }",
JOURNAL = {Indian Journal of Radio and Space Physics},
VOLUME = {40},
YEAR = {2011},
NUMBER = {},
PAGES = {26--36},
DOI = {}
}



@article{Karia2011,
year={2011},
journal={Journal of Earth System Science},
volume={120},
number={5},
title="{GPS based TEC measurements for a period August 2008– December 2009 near the northern crest of Indian equatorial ionospheric anomaly region}",
publisher={Springer-Verlag},
author= "Karia, S. P. and Pathak, K. N.",
pages={851-858},
}


@article{Galav2010,
title = "{Characterization of low latitude GPS-TEC during very low solar activity phase}",
journal = "Journal of Atmospheric and Solar-Terrestrial Physics ",
volume = "72",
number = "17",
pages = "1309--1317",
year = "2010",
note = "",
author = "Galav, P. and Dashora, N. and Sharma, S. and Pandey, R. ",
}


@article{Bagiya2011,
author = {Bagiya, M.  S. and Iyer, K. N. and Joshi, H. P. and Thampi, S. V. and Tsugawa, T. and Ravindran, S. and Sridharan, R. and Pathan, B. M.},
journal = {Journal of Geophysical Research},
number = {A1},
pages = {A01303},
title = "{Low-latitude ionospheric-thermospheric response to storm time electrodynamical coupling between high and low latitudes}",
volume = {116},
year = {2011}
}



@article{VijayaLekshmi2008,
title = {{Response of the ionosphere to super geomagnetic storms: Observations and modeling}},
journal = "Advances in Space Research ",
volume = "41",
number = "4",
pages = "548 - 555",
year = "2008",
note = "",
author = "Vijaya~Lekshmi, V. and Balan, N. and Vaidyan, V. K. and Alleyne, H. and Bailey, G. J.",
}


@article {Gonzalez1994,
author = {Gonzalez, W. D. and Joselyn, J. A. and Kamide, Y. and Kroehl, H. W. and Rostoker, G. and Tsurutani, B. T. and Vasyliunas, V. M.},
title = {{What is a geomagnetic storm?}},
journal = {Journal of Geophysical Research: Space Physics},
volume = {99},
number = {A4},
pages = {5771--5792},
year = {1994},
}




@article {Dashora2007,
author = {Dashora, N. and Pandey, R.},
title = {{Variations in the total electron content near the crest of the equatorial ionization anomaly during the November 2004 geomagnetic storm}},
journal = {Earth Planets Space},
volume = {59},
number = {A2},
pages = {127-131},
year = {2006},
}


@article{Trivedi2011,
title = {{Study of TEC changes during geomagnetic storms occurred near the crest of the equatorial ionospheric ionization anomaly in the Indian sector}},
journal = "Advances in Space Research ",
volume = "48",
number = "10",
pages = "1617 - 1630",
year = "2011",
note = "",
author = "Trivedi, R. and Jain, A. and Jain, S. and Gwal, A. K.",
}


@article{Malik2010,
title = {{Study of ionospheric variability during geomagnetic storms}},
journal = "J. Ind. Geophys. Union",
volume = "14",
number = "1",
pages = "47 - 56",
year = "2010",
note = "",
author = "Malik, R. and Sarkar, S. and Mukherjee, S. and Gwal, A. K.",
}



@article{Sanjay2010,
  author={Kumar, S. and Singh, A. K. },
  title="{The effect of geomagnetic storm on GPS derived total electron content (TEC) at Varanasi, India}",
  journal={Journal of Physics: Conference Series},
  volume={208},
  number={1},
  pages={012062},
  year={2010},
} 


@book{rishbeth1969introduction,
  title="{Introduction to ionospheric physics}",
  author={Rishbeth, H. and Garriott, O. K.},
  lccn={lc69012280},
  series={International geophysics series},
  year={1969},
  publisher={Academic Press}
}


@incollection{Rastogi19899,
author = "Rastogi, R. G.",
title = "{The equatorial electrojet: magnetic and ionospheric
effects}",
editor = "Jacobs, J.",
booktitle = " Geomagnetism, vol. 3.",
publisher = "Academic Press",
address = "SanDiego, CA",
year = 1989,
pages ={461-525}
}



@article{Mayaud1977,
title = "{The equatorial counter-electrojet - A review of its geomagnetic aspects}",
journal = "Journal of Atmospheric and Terrestrial Physics ",
volume = "39",
number = "9–10",
pages = "1055 - 1070",
year = "1977",
author = "Mayaud, P. N. "
}



@article {St.-Maurice2011,
author = {St.-Maurice, J. -P. and Ambili, K. M. and Choudhary, R. K.},
title = "{Local electrodynamics of a solar eclipse at the magnetic equator in the early afternoon hours}",
journal = {Geophysical Research Letters},
volume = {38},
number = {},
pages = {L04102}
year = {2011},
}


@article{Ezquer1999,
title = "{Predicted and measured electron density at 600 km altitude in the South American peak of the equatorial anomaly} ",
journal = "Journal of Atmospheric and Solar-Terrestrial Physics ",
volume = "61",
number = "5",
pages = "415 - 421",
year = "1999",
note = "",
author = "Ezquer, R. G. and Carbrera, M. A. and Manzano, J. R. "
}

@article{Bhuyan2003,
title = "{Diurnal, seasonal and latitudinal variation of electron density in the topside F-region of the Indian zone ionosphere at solar minimum and comparison with the IRI} ",
journal = "Journal of Atmospheric and Solar-Terrestrial Physics ",
volume = "65",
number = "3",
pages = "359 - 368",
year = "2003",
note = "",
author = "Bhuyan, P. K. and Chamua, M. and Bhuyan, K.  and Subrahmanyam, P. and Garg, S. C.",
}




@article{spim,
author = {Gulyaeva, T. L.},
title = "{International Standard Model of the Earth's Ionosphere and Plasmasphere}",
journal = {Astronomical and Astrophysical Transactions},
volume = {22},
number = {4-5},
pages = {639-643},
year = {2003},
}



@InProceedings{IONEX1998,
    author = {Schaer, S. and Gurtner, W. and Feltens, J.},
    title = {{IONEX}: The IONosphere Map EXchange Format Verson 1},
    booktitle = {Proceedings of the {IGS AC} Workshop},
    year = 1998,
    publisher = {},
    editor = {},
    pages = {},
}



@article{Ho1997,
  title="{A comparative study of ionospheric total electron content measurements using global ionospheric maps of GPS, TOPEX radar, and the Bent model}",
  author={Ho, C. M. and Wilson, B. D. and Mannucci, A. J. and Lindqwister, U. J. and Yuan, D. N.},
  journal={Radio Science},
  volume={32},
  number={4},
  pages={1499--1512},
  year={1997},
  publisher={Wiley Online Library}
}

@Article{Manju2009,
AUTHOR = {Manju, G. and Pant, T. K. and Ravindran, S. and Sridharan, R.},
TITLE = {{On the response of the equatorial and low latitude ionospheric regions in the Indian sector to the large magnetic disturbance of 29 October 2003}},
JOURNAL = {Annales Geophysicae},
VOLUME = {27},
YEAR = {2009},
NUMBER = {6},
PAGES = {2539--2544},
}

@article{Tomas2008,
title = "{What are the influences of solar eclipses on the equatorial electrojet?}",
journal = "Journal of Atmospheric and Solar-Terrestrial Physics ",
volume = "70",
number = "11–12",
pages = "1497 - 1511",
year = "2008",
note = "",
author = {Tom\'{a}s, A. T. and L\"{u}hr, H. and Rother, M. and Manoj, C. and Olsen, N. and Watari, S.},
}

@article {Choudhary2011,
author = {Choudhary, R. K. and St.-Maurice, J. -P. and Ambili, K. M. and Sunda, Surendra and Pathan, B. M.},
title = "{The impact of the January 15, 2010, annular solar eclipse on the equatorial and low latitude ionospheric densities}",
journal = {Journal of Geophysical Research: Space Physics},
volume = {116},
number = {A9},
year = {2011},
}

@article{Jin2012,
year={2012},
journal={GPS Solutions},
volume={16},
number={4},
title={{$M \_ DCB:$ Matlab code for estimating GNSS satellite and receiver differential code biases}},
publisher={Springer-Verlag},
author={Jin, R. and Jin, S. and Feng, G.},
pages={541-548},
}

@article{Jin2007,
title = "{Ionospheric slab thickness and its seasonal variations observed by GPS}",
journal = "Journal of Atmospheric and Solar-Terrestrial Physics ",
volume = "69",
number = "15",
pages = "1864 - 1870",
year = "2007",
note = "",
author = "Jin, S. and Cho, J. and Park, J.",
}

@article{Jin2008,
year={2008},
journal={Journal of Geodesy},
volume={82},
number={12},
title="{GPS observations of the ionospheric F2-layer behavior during the 20th November 2003 geomagnetic storm over South Korea}",
publisher={Springer-Verlag},
author={Jin, S. and Luo, O. F. and Park, P.},
pages={883-892},
}

@article{Afraimovich2010,
author = {Afraimovich, E. L. and Ding, F. and Kiryushkin, V. V. and Astafyeva, E. I. and Jin, S. and Sankov, V. A.},
title = "{TEC response to the 2008 Wenchuan Earthquake in comparison with other strong earthquakes}",
journal = {International Journal of Remote Sensing},
volume = {31},
number = {13},
pages = {3601-3613},
year = {2010},
}

@article {Jin2014,
author = {Jin, S. and Jin, R. and Li, J. H.},
title = "{Pattern and evolution of seismo-ionospheric disturbances following the 2011 Tohoku earthquakes from GPS observations}",
journal = {Journal of Geophysical Research: Space Physics},
volume = {119},
number = {9},
pages = {7914--7927},
year = {2014},
}

@article{Jin2004,
title = "{Real-time monitoring and prediction of ionospheric electron content by means of GPS}",
journal = "Chinese Astronomy and Astrophysics ",
volume = "28",
number = "3",
pages = "331 - 337",
year = "2004",
note = "",
author = "Jin, S. and Wang, J. and Zhang, H. and Zhu, W.",
}

@article{Priyadarshi2011,
  author={Priyadarshi, S. and Kumar, S. and Singh, A. K. },
  title="{Ionospheric perturbations associated with two recent major earthquakes (M$>$5.0)}",
  journal={Physica Scripta},
  volume={84},
  number={4},
  pages={045901},
  year={2011},
}


@article{Sharma2008,
title = "{Ionospheric precursors observed at low latitudes around the time of koyna earthquake} ",
journal = "Advances in Space Research ",
volume = "42",
number = "7",
pages = "1238 - 1245",
year = "2008",
note = "",
author = "Sharma, K. and Das, R. M. and Dabas, R. S. and Pillai, K. G. M. and Garg, S. C. and Mishra,  A. K. ",
}

@article{Dutta2007,
author = {Dutta, H. N. and Dabas, R. S. and Das, Rupesh M. and Sharma, Kavita and Singh, Bhupender},
title = "{Ionospheric perturbations over Delhi caused by the 26 December 2004 Sumatra earthquake}",
journal = {International Journal of Remote Sensing},
volume = {28},
number = {13-14},
pages = {3141-3151},
year = {2007},
}

@Article{Liu2004,
AUTHOR = {Liu, J. Y. and Chuo, Y. J. and Shan, S. J. and Tsai, Y. B. and Chen, Y. I. and Pulinets, S. A. and Yu, S. B.},
TITLE = "{Pre-earthquake ionospheric anomalies registered by continuous GPS TEC measurements}",
JOURNAL = {Annales Geophysicae},
VOLUME = {22},
YEAR = {2004},
NUMBER = {5},
PAGES = {1585--1593},
}

@article {DasGupta2006,
author = {DasGupta, A. and Das, A. and Hui, D. and Bandyopadhyay, K. K. and Sivaraman, M. R.},
title = {{Ionospheric perturbations observed by the GPS following the December 26th, 2004 Sumatra-Andaman earthquake}},
journal = {Earth Planets Space},
volume = {58},
number = {2},
pages = {167-172},
year = {2006},
}

@article{Singh2009,
title = "{Anomalous variation in total electron content (TEC) associated with earthquakes in India during September 2006–November 2007}",
journal = "Physics and Chemistry of the Earth, Parts A/B/C ",
volume = "34",
number = "6–7",
pages = "479 - 484",
year = "2009",
author = "Singh, O. P. and Chauhan, V. and Singh, V. and Singh, B.",
}

@article{Pulinets2014,
title = "{Ionospheric precursors of earthquakes and Global Electric Circuit} ",
journal = "Advances in Space Research ",
volume = "53",
number = "5",
pages = "709 - 723",
year = "2014",
author = "Pulinets, S. and Davidenko, D.",
}

@inproceedings{dabas2006,
  title={Space weather impact on the equatorial and low latitude F-region ionosphere over India},
  author={Dabas, R. S. and Das, R. M. and Vohra, V. K. and Devasia, C. V. and others},
  booktitle={Annales Geophysicae},
  volume={24},
  number={1},
  pages={97--105},
  year={2006}
}

@Article{Venkatesh2011,
AUTHOR = {Venkatesh, K. and Rama Rao, P. V. S. and Prasad, D. S. V. V. D. and Niranjan, K. and Saranya, P. L.},
TITLE = "{Study of TEC, slab-thickness and neutral temperature of the thermosphere in the Indian low latitude sector}",
JOURNAL = {Annales Geophysicae},
VOLUME = {29},
YEAR = {2011},
NUMBER = {9},
PAGES = {1635--1645},
}


@ARTICLE{Bhuyan1986,
   author = {{Bhuyan}, P.~K. and {Singh}, L. and {Tyagi}, T.~R.},
    title = "{Equivalent slab thickness of the ionosphere over 26 deg N through the ascending half of a solar cycle}",
  journal = {Annales Geophysicae},
     year = 1986,
   volume = 4,
    pages = {131--136},
}

@article{wu2006,
  title="{Spatio-temporal characteristics of the ionospheric TEC variation for GPSnet-based real-time positioning in Victoria}",
  author={Wu, Suqin and Zhang, Kefei and Yuan, Yunbin and Wu, Falin and others},
  journal={Positioning},
  volume={1},
  number={1-2},
  pages = {52--57},
  year={2006},
}

@inproceedings{Panda2013a,
  title="{GPS derived ionospheric TEC response to annular solar eclipse over Indian region on 15 January 2010}",
  author={Panda, S. K. and Gedam, S. S. and Rajaram, G.},
  booktitle={Space Science and Communication (IconSpace), 2013 IEEE International Conference on},
  pages={213--218},
  year={2013},
}

@INPROCEEDINGS{Panda2013b,
author={Panda, S. K. and Gedam, S. S. and Rajaram, G.},
booktitle={Geoscience and Remote Sensing Symposium (IGARSS), 2013 IEEE International},
title="{Ionospheric characteristics of low latitude anomaly zone over Indian region by ground based GPS, radio occultation and SPIM model predictions}",
year={2013},
month={July},
pages={1839-1842},
}



@article{Chauhan2010,
  title="{A morphological study of GPS-TEC data at Agra and their comparison with the IRI model}",
  author={Chauhan, V. and Singh, O. P.},
  journal={Advances in Space Research},
  volume={46},
  number={3},
  pages={280--290},
  year={2010},
}

@article{Bhuyan2007,
  title="{TEC derived from GPS network in India and comparison with the IRI}",
  author={Bhuyan, P. K. and Borah, R. R.},
  journal={Advances in Space Research},
  volume={39},
  number={5},
  pages={830--840},
  year={2007},
}


@article {Liu2007,
author = {Liu, Huixin and Stolle, Claudia and Förster, Matthias and Watanabe, Shigeto},
title = "{Solar activity dependence of the electron density in the equatorial anomaly regions observed by CHAMP}",
journal = {Journal of Geophysical Research: Space Physics},
volume = {112},
number = {A11},
issn = {2156-2202},
pages = {A012616},
year = {2007},
}



@article{Kumar2012,
  title="{GPS-TEC variations during low solar activity period (2007--2009) at Indian low latitude stations}",
  author={Kumar, Sanjay and Priyadarshi, S and Krishna, S Gopi and Singh, AK},
  journal={Astrophysics and Space Science},
  volume={339},
  number={1},
  pages={165--178},
  year={2012},
}
@article{Rathore2015,
  title="{A statistical comparison of IRI TEC prediction with GPS TEC measurement over Varanasi, India}",
  author={Rathore, V. S. and Kumar, S. and Singh, A. K.},
  journal={Journal of Atmospheric and Solar-Terrestrial Physics, In Press},
  doi = {http://dx.doi.org/10.1016/j.jastp.2015.01.006},
  year={2015},
}



@article{Iyer1996,
title = "{Comparative study of TEC near the crest of the equatorial anomaly with IRI model for solar minimum to solar maximum}",
journal = "Advances in Space Research ",
volume = "18",
number = "6",
pages = "233 - 236",
year = "1996",
author = "K. N. Iyer and H. P. Joshi and R. D. Jivrajani and P. Aravindakshan",
}


@article{TroitskySPIM,
year={2007},
issn={0016-7932},
journal={Geomagnetism and Aeronomy},
volume={47},
number={3},
title="{Ionospheric support of HF radiocommunication using maps of total electron content}",
author={Troitsky, B. V. and Ortikov, M. Yu. and Lobanov, K. A. and Vlasov, A. A. and Pogorel’tsev, A. I.},
pages={389-394},
}


@article{Bhattacharya2009,
year={2009},
journal={Indian Journal of Radio \& Space Physics },
volume={38},
number={},
title="{Ionospheric time delay variations in the equatorial anomaly region during low solar activity using GPS}",
author={Bhattacharya, S. and Purohit, P. K. and  Gwal, A. K.},
pages={266--274},
}
@article{Aravindan1990,
  title="{Day-to-day variability in ionospheric electron content at low latitudes}",
  author={Aravindan, P. and Iyer, K. N.},
  journal={Planetary and space science},
  volume={38},
  number={6},
  pages={743--750},
  year={1990},
}

@article{Chakraborty2014,
	author = {Chakraborty, M. and Kumar, S. and De, B. and Guha, H.},
	title = "{Latitudinal characteristics of GPS derived ionospheric TEC: a comparative study with IRI 2012 model}",
	journal = {Annals of Geophysics},
	volume = {57},
	number = {5},
	year = {2014},
	}

@article{Bhuyan2007,
title = "{TEC derived from GPS network in India and comparison with the IRI}",
journal = "Advances in Space Research ",
volume = "39",
number = "5",
pages = "830 - 840",
year = "2007",
note = "",
author = "P. K. Bhuyan and Rashmi Rekha Borah",
}

@article{Kumar2009,
title = "{Variation of ionospheric total electron content in Indian low latitude region of the equatorial anomaly during May 2007-April 2008}",
journal = "Advances in Space Research ",
volume = "43",
number = "10",
pages = "1555 - 1562",
year = "2009",
author = "Kumar, S. and Singh, A. K.",
}

@article {Acharya2007,
author = {Acharya, Rajat and Nagori, Neha and Jain, Nishkam and Sunda, Surendra and Regar, Sawarmal and Sivaraman, M R and  Bandopadhyay, Kalyan},
title = "{Ionospheric studies for the implementation of GAGAN}",
journal = {Indian Journal of Radio and Space Physics},
volume = {36},
number = "5",
pages = {394--404},
year = {2007},
}

