@ARTICLE{Appleton1946,
   author = {{Appleton}, E.~V.},
    title = "{Two Anomalies in the Ionosphere}",
  journal = {Nature},
     year = 1946,
    month = may,
   volume = 157,
    pages = {691},
}


@ARTICLE{Deshpande1977,
   author = {{Deshpande}, M. R. and {Rastogi}, R.~G. and {Vats}, H.~O. and 
	{Sethia}, G. and {Klobuchar}, J.~A. and {Jain}, A.~R. and {Subbarao}, B.~S. and 
	{Patwari}, V.~M. and {Janve}, A.~V. and {Rai}, R.~K.},
    title = {{Effect of electrojet on the total electron content of the ionosphere over the Indian subcontinent}},
  journal = {Nature},
   year = 1977,
    month = jun,
   volume = 267,
    pages = {599},
}


@article{Bhuyan2006,
title = "{Effect of solar activity on diurnal and seasonal variations of electron temperature measured by the SROSS C2 over Indian low latitudes} ",
journal = "Advances in Space Research ",
volume = "37",
number = "5",
pages = "885 - 891",
year = "2006",
author = "P.K. Bhuyan and Minakshi Chamua and P. Subrahmanyam and S.C. Garg",
}



@ARTICLE{Klobuchar1991,
   author = {{Klobuchar}, J. A.},
    title = "{Ionospheric Effects on GPS}",
  journal = {Early Innovation columns,GPS World},
     year = 1991
}


@article{Chandra1971,
title = "{Equatorial ionospheric drift and the electrojet}",
journal = "Planetary and Space Science ",
volume = "19",
number = "11",
pages = "1497 - 1503",
year = "1971",
author = "Chandra, H. and Misra, R. K. and Rastogi, R. G. ",
}


@article {RastogiandKlobuchar,
author = {Rastogi, R. G. and Klobuchar, J. A.},
title = "{Ionospheric electron content within the equatorial F2 layer anomaly belt}",
journal = {Journal of Geophysical Research: Space Physics},
volume = {95},
number = {A11},
pages = {19045--19052},
year = {1990},
}

@Article{RamaRao2006,
AUTHOR = {Rama~Rao, P. V. S. and Gopi Krishna, S. and Niranjan, K. and Prasad, D. S. V. V. D.},
TITLE = "{Temporal and spatial variations in TEC using simultaneous measurements from  the Indian GPS network of receivers during the low solar activity period of 2004-2005}",
JOURNAL = {Annales Geophysicae},
VOLUME = {24},
YEAR = {2006},
NUMBER = {12},
PAGES = {3279--3292},
}


@Article{Chakraborty2009,
AUTHOR = {Chakraborty, S. K. and Hajra, R.},
TITLE = {{Electrojet control of ambient ionization near the crest of the equatorial anomaly in the Indian zone}},
JOURNAL = {Annales Geophysicae},
VOLUME = {27},
YEAR = {2009},
NUMBER = {1},
PAGES = {93--105},
}


@Article{Panda2012,
 Author = {Panda, S. K. and Gedam, S. S.},
 title = "{GPS derived spatial ionospheric total electron content variation over South-Indian latitudes during intense geomagnetic storms}",
 journal = "{Proc. SPIE 8535, Optics in Atmospheric Propagation and Adaptive Systems XV}",
 pages = "{85350B-85350B-10}",
 editor = {Karin Stein and John Gonglewski},
 month = {November},
 year   = "{2012}"
} 


@article{Panda2014b,
title = "{Study of Ionospheric TEC from GPS observations and comparisons with IRI and SPIM model predictions in the low latitude anomaly Indian subcontinental region}",
journal = "Advances in Space Research ",
volume = "",
number = "",
pages = "",
year = "2014",
note = "",
doi = "{http://dx.doi.org/10.1016/j.asr.2014.09.004}",
author = "Panda, S. K. and Gedam, S. S. and Rajaram, G.",
}


@article{Panda2014a,
year={2014},
journal={Astrophysics and Space Science},
volume={354},
number={2},
pages = {267-274},
title="{A multi-technique study of the 29-31 October 2003 geomagnetic storm effect on low latitude ionosphere over Indian region with magnetometer, ionosonde, and GPS observations}",
author={Panda, S. K. and Gedam, S. S. and Rajaram, G. and Sripathi, S. and Pant, T. K.and Das, R. M.},
}

@article{Bhar1976,
  title="{Investigations on ionospheric electron content and electron density irregularities at low latitudes with geostationary satellites}",
  author={Bhar, J. N. and Basu, S. and Dasgupta, A. and Guhathakurfa, B. K. and Bhattacharyya, G. N.},
  journal={Final Scientific Report, 1 Jan. 1971-31 Dec. 1975 Calcutta Univ.(India). Inst. of Radio Physics and Electronics.},
  volume={1},
  year={1976}
}

@ARTICLE{Basu1975,
   author = {Basu, S. and Guhathakurta, B. K. and Basu, S.},
    title = "{Ionospheric response to geomagnetic storms at low midlatitudes}",
  journal = {Annales de Geophysique},
      year = 1975,
    month = dec,
   volume = 31,
    pages = {497-505},
  }
  
  
  @ARTICLE{RamTyagi1966,
     author = {Ram~Tyagi, T. and Somayajulu, Y. V.},
      title = "{Some Results of Electron Content Measurements at Delhi From Faraday Fading of S-66 Transmissions}",
    journal = {Radio Science},
       year = 1966,
     volume = 1,
      pages = {1125},
  }
  
  
  
 @article{Deshpande1980,
 author = { Deshpande, M. R. and Rastogi, R. G. and Sen~Gupta, A. and Nagpal, O. P. and 
   Setty, C. S. G. K. and Jain, A. R. and Rai, R. K. and Janve, A. V. and Patwari, V. M. and Subbarao, B. S.},
 title = "{Study of medium scale TIDs using
   multistation ATS-6 Faraday rotation data}",
 journal = {Indian Journal of Radio and Space Physics},
 volume = {8},
 pages = {186},
 year = {1980},
 }
 
 
@Article{RamaRao2002,
 Author = {Rama~Rao, P. V. S. and Das~Gupta, A. and Doherty, P. and Klobuchar, J. A.},
 title = "{Variability of the ionospheric F2-region over the Indian subcontinent}",
 journal = "{Proc. Iono Eff Symp, Virginia, USA}",
 pages = "{5A-4}",
 editor = {},
 month = {},
 year   = "{2002}"
}


@Article{Jain2010,
AUTHOR = "Jain, A. and Tiwari, S. and Jain, S. and Gwal, A. K.",
TITLE = "{TEC response during severe geomagnetic storms near the crest of equatorial ionization anomaly}",
JOURNAL = {Indian Journal of Radio and Space Physics},
VOLUME = {39},
YEAR = {2010},
NUMBER = {1},
PAGES = {11--24},
DOI = {}
}


@Article{Bagiya2009,
AUTHOR = {Bagiya, M. S. and Joshi, H. P. and Iyer, K. N. and Aggarwal, M. and Ravindran, S. and Pathan, B. M.},
TITLE = {TEC variations during low solar activity period (2005-2007) near the Equatorial Ionospheric Anomaly Crest region in India},
JOURNAL = {Annales Geophysicae},
VOLUME = {27},
YEAR = {2009},
NUMBER = {3},
PAGES = {1047--1057},
}

   
@Article{Chauhan2011,
AUTHOR = "Chauhan, V. and Singh, O. P. and Singh, B.",
TITLE = "{Diurnal and seasonal variation of GPS-TEC during a low solar activity period as
observed at a low latitude station Agra }",
JOURNAL = {Indian Journal of Radio and Space Physics},
VOLUME = {40},
YEAR = {2011},
NUMBER = {},
PAGES = {26--36},
DOI = {}
}



@article{Karia2011,
year={2011},
journal={Journal of Earth System Science},
volume={120},
number={5},
title="{GPS based TEC measurements for a period August 2008â€“ December 2009 near the northern crest of Indian equatorial ionospheric anomaly region}",
publisher={Springer-Verlag},
author= "Karia, S. P. and Pathak, K. N.",
pages={851-858},
}


@article{Galav2010,
title = "{Characterization of low latitude GPS-TEC during very low solar activity phase}",
journal = "Journal of Atmospheric and Solar-Terrestrial Physics ",
volume = "72",
number = "17",
pages = "1309--1317",
year = "2010",
note = "",
author = "Galav, P. and Dashora, N. and Sharma, S. and Pandey, R. ",
}


@article{Bagiya2011,
author = {Bagiya, M.  S. and Iyer, K. N. and Joshi, H. P. and Thampi, S. V. and Tsugawa, T. and Ravindran, S. and Sridharan, R. and Pathan, B. M.},
journal = {Journal of Geophysical Research},
number = {A1},
pages = {A01303},
title = "{Low-latitude ionospheric-thermospheric response to storm time electrodynamical coupling between high and low latitudes}",
volume = {116},
year = {2011}
}



@article{VijayaLekshmi2008,
title = {{Response of the ionosphere to super geomagnetic storms: Observations and modeling}},
journal = "Advances in Space Research ",
volume = "41",
number = "4",
pages = "548 - 555",
year = "2008",
note = "",
author = "Vijaya~Lekshmi, V. and Balan, N. and Vaidyan, V. K. and Alleyne, H. and Bailey, G. J.",
}


@article {Gonzalez1994,
author = {Gonzalez, W. D. and Joselyn, J. A. and Kamide, Y. and Kroehl, H. W. and Rostoker, G. and Tsurutani, B. T. and Vasyliunas, V. M.},
title = {{What is a geomagnetic storm?}},
journal = {Journal of Geophysical Research: Space Physics},
volume = {99},
number = {A4},
pages = {5771--5792},
year = {1994},
}




@article {Dashora2007,
author = {Dashora, N. and Pandey, R.},
title = {{Variations in the total electron content near the crest of the equatorial ionization anomaly during the November 2004 geomagnetic storm}},
journal = {Earth Planets Space},
volume = {59},
number = {A2},
pages = {127-131},
year = {2006},
}


@article{Trivedi2011,
title = {{Study of TEC changes during geomagnetic storms occurred near the crest of the equatorial ionospheric ionization anomaly in the Indian sector}},
journal = "Advances in Space Research ",
volume = "48",
number = "10",
pages = "1617 - 1630",
year = "2011",
note = "",
author = "Trivedi, R. and Jain, A. and Jain, S. and Gwal, A. K.",
}


@article{Malik2010,
title = {{Study of ionospheric variability during geomagnetic storms}},
journal = "J. Ind. Geophys. Union",
volume = "14",
number = "1",
pages = "47 - 56",
year = "2010",
note = "",
author = "Malik, R. and Sarkar, S. and Mukherjee, S. and Gwal, A. K.",
}



@article{Sanjay2010,
  author={Kumar, S. and Singh, A. K. },
  title="{The effect of geomagnetic storm on GPS derived total electron content (TEC) at Varanasi, India}",
  journal={Journal of Physics: Conference Series},
  volume={208},
  number={1},
  pages={012062},
  year={2010},
} 


@book{rishbeth1969introduction,
  title="{Introduction to ionospheric physics}",
  author={Rishbeth, H. and Garriott, O. K.},
  lccn={lc69012280},
  series={International geophysics series},
  year={1969},
  publisher={Academic Press}
}


@incollection{Rastogi19899,
author = "Rastogi, R. G.",
title = "{The equatorial electrojet: magnetic and ionospheric
effects}",
editor = "Jacobs, J.",
booktitle = " Geomagnetism, vol. 3.",
publisher = "Academic Press",
address = "SanDiego, CA",
year = 1989,
pages ={461-525}
}



@article{Mayaud1977,
title = "{The equatorial counter-electrojet - A review of its geomagnetic aspects}",
journal = "Journal of Atmospheric and Terrestrial Physics ",
volume = "39",
number = "9â€“10",
pages = "1055 - 1070",
year = "1977",
author = "Mayaud, P. N. "
}



@article {St.-Maurice2011,
author = {St.-Maurice, J. -P. and Ambili, K. M. and Choudhary, R. K.},
title = "{Local electrodynamics of a solar eclipse at the magnetic equator in the early afternoon hours}",
journal = {Geophysical Research Letters},
volume = {38},
number = {L04102},
year = {2011},
}


@article{Ezquer1999,
title = "{Predicted and measured electron density at 600 km altitude in the South American peak of the equatorial anomaly} ",
journal = "Journal of Atmospheric and Solar-Terrestrial Physics ",
volume = "61",
number = "5",
pages = "415 - 421",
year = "1999",
note = "",
author = "Ezquer, R. G. and Carbrera, M. A. and Manzano, J. R. "
}

@article{Bhuyan2003,
title = "{Diurnal, seasonal and latitudinal variation of electron density in the topside F-region of the Indian zone ionosphere at solar minimum and comparison with the IRI} ",
journal = "Journal of Atmospheric and Solar-Terrestrial Physics ",
volume = "65",
number = "3",
pages = "359 - 368",
year = "2003",
note = "",
author = "Bhuyan, P. K. and Chamua, M. and Bhuyan, K.  and Subrahmanyam, P. and Garg, S. C.",
}




@article{spim,
author = {Gulyaeva, T. L.},
title = "{International Standard Model of the Earth's Ionosphere and Plasmasphere}",
journal = {Astronomical and Astrophysical Transactions},
volume = {22},
number = {4-5},
pages = {639-643},
year = {2003},
}



@InProceedings{IONEX1998,
    author = {Schaer, S. and Gurtner, W. and Feltens, J.},
    title = {{IONEX}: The IONosphere Map EXchange Format Verson 1},
    booktitle = {Proceedings of the {IGS AC} Workshop},
    year = 1998,
    publisher = {},
    editor = {},
    pages = {},
}



@article{Ho1997,
  title="{A comparative study of ionospheric total electron content measurements using global ionospheric maps of GPS, TOPEX radar, and the Bent model}",
  author={Ho, C. M. and Wilson, B. D. and Mannucci, A. J. and Lindqwister, U. J. and Yuan, D. N.},
  journal={Radio Science},
  volume={32},
  number={4},
  pages={1499--1512},
  year={1997},
  publisher={Wiley Online Library}
}

@Article{Manju2009,
AUTHOR = {Manju, G. and Pant, T. K. and Ravindran, S. and Sridharan, R.},
TITLE = {{On the response of the equatorial and low latitude ionospheric regions in the Indian sector to the large magnetic disturbance of 29 October 2003}},
JOURNAL = {Annales Geophysicae},
VOLUME = {27},
YEAR = {2009},
NUMBER = {6},
PAGES = {2539--2544},
}

@article{Tomas2008,
title = "{What are the influences of solar eclipses on the equatorial electrojet?}",
journal = "Journal of Atmospheric and Solar-Terrestrial Physics ",
volume = "70",
number = "11â€“12",
pages = "1497 - 1511",
year = "2008",
note = "",
author = {Tom\'{a}s, A. T. and L\"{u}hr, H. and Rother, M. and Manoj, C. and Olsen, N. and Watari, S.},
}

@article {Choudhary2011,
author = {Choudhary, R. K. and St.-Maurice, J. -P. and Ambili, K. M. and Sunda, Surendra and Pathan, B. M.},
title = "{The impact of the January 15, 2010, annular solar eclipse on the equatorial and low latitude ionospheric densities}",
journal = {Journal of Geophysical Research: Space Physics},
volume = {116},
number = {A9},
year = {2011},
}

@article{Jin2012,
year={2012},
journal={GPS Solutions},
volume={16},
number={4},
title={{$M \_ DCB:$ Matlab code for estimating GNSS satellite and receiver differential code biases}},
publisher={Springer-Verlag},
author={Jin, R. and Jin, S. and Feng, G.},
pages={541-548},
}

@article{Jin2007,
title = "{Ionospheric slab thickness and its seasonal variations observed by GPS}",
journal = "Journal of Atmospheric and Solar-Terrestrial Physics ",
volume = "69",
number = "15",
pages = "1864 - 1870",
year = "2007",
note = "",
author = "Jin, S. and Cho, J. and Park, J.",
}

@article{Jin2008,
year={2008},
journal={Journal of Geodesy},
volume={82},
number={12},
title="{GPS observations of the ionospheric F2-layer behavior during the 20th November 2003 geomagnetic storm over South Korea}",
publisher={Springer-Verlag},
author={Jin, S. and Luo, O. F. and Park, P.},
pages={883-892},
}

@article{Afraimovich2010,
author = {Afraimovich, E. L. and Ding, F. and Kiryushkin, V. V. and Astafyeva, E. I. and Jin, S. and Sankov, V. A.},
title = "{TEC response to the 2008 Wenchuan Earthquake in comparison with other strong earthquakes}",
journal = {International Journal of Remote Sensing},
volume = {31},
number = {13},
pages = {3601-3613},
year = {2010},
}

@article {Jin2014,
author = {Jin, S. and Jin, R. and Li, J. H.},
title = "{Pattern and evolution of seismo-ionospheric disturbances following the 2011 Tohoku earthquakes from GPS observations}",
journal = {Journal of Geophysical Research: Space Physics},
volume = {119},
number = {9},
pages = {7914--7927},
year = {2014},
}

@article{Jin2004,
title = "{Real-time monitoring and prediction of ionospheric electron content by means of GPS}",
journal = "Chinese Astronomy and Astrophysics ",
volume = "28",
number = "3",
pages = "331 - 337",
year = "2004",
note = "",
author = "Jin, S. and Wang, J. and Zhang, H. and Zhu, W.",
}

@article{Priyadarshi2011,
  author={Priyadarshi, S. and Kumar, S. and Singh, A. K. },
  title="{Ionospheric perturbations associated with two recent major earthquakes (M$>$5.0)}",
  journal={Physica Scripta},
  volume={84},
  number={4},
  pages={045901},
  year={2011},
}


@article{Sharma2008,
title = "{Ionospheric precursors observed at low latitudes around the time of koyna earthquake} ",
journal = "Advances in Space Research ",
volume = "42",
number = "7",
pages = "1238 - 1245",
year = "2008",
note = "",
author = "Sharma, K. and Das, R. M. and Dabas, R. S. and Pillai, K. G. M. and Garg, S. C. and Mishra,  A. K. ",
}

@article{Dutta2007,
author = {Dutta, H. N. and Dabas, R. S. and Das, Rupesh M. and Sharma, Kavita and Singh, Bhupender},
title = "{Ionospheric perturbations over Delhi caused by the 26 December 2004 Sumatra earthquake}",
journal = {International Journal of Remote Sensing},
volume = {28},
number = {13-14},
pages = {3141-3151},
year = {2007},
}

@Article{Liu2004,
AUTHOR = {Liu, J. Y. and Chuo, Y. J. and Shan, S. J. and Tsai, Y. B. and Chen, Y. I. and Pulinets, S. A. and Yu, S. B.},
TITLE = "{Pre-earthquake ionospheric anomalies registered by continuous GPS TEC measurements}",
JOURNAL = {Annales Geophysicae},
VOLUME = {22},
YEAR = {2004},
NUMBER = {5},
PAGES = {1585--1593},
}

@article {DasGupta2006,
author = {DasGupta, A. and Das, A. and Hui, D. and Bandyopadhyay, K. K. and Sivaraman, M. R.},
title = {{Ionospheric perturbations observed by the GPS following the December 26th, 2004 Sumatra-Andaman earthquake}},
journal = {Earth Planets Space},
volume = {58},
number = {2},
pages = {167-172},
year = {2006},
}

@article{Singh2009,
title = "{Anomalous variation in total electron content (TEC) associated with earthquakes in India during September 2006â€“November 2007}",
journal = "Physics and Chemistry of the Earth, Parts A/B/C ",
volume = "34",
number = "6â€“7",
pages = "479 - 484",
year = "2009",
author = "Singh, O. P. and Chauhan, V. and Singh, V. and Singh, B.",
}

@article{Pulinets2014,
title = "{Ionospheric precursors of earthquakes and Global Electric Circuit} ",
journal = "Advances in Space Research ",
volume = "53",
number = "5",
pages = "709 - 723",
year = "2014",
author = "Pulinets, S. and Davidenko, D.",
}

@inproceedings{dabas2006,
  title={Space weather impact on the equatorial and low latitude F-region ionosphere over India},
  author={Dabas, R. S. and Das, R. M. and Vohra, V. K. and Devasia, C. V. and others},
  booktitle={Annales Geophysicae},
  volume={24},
  number={1},
  pages={97--105},
  year={2006}
}

@Article{Venkatesh2011,
AUTHOR = {Venkatesh, K. and Rama Rao, P. V. S. and Prasad, D. S. V. V. D. and Niranjan, K. and Saranya, P. L.},
TITLE = "{Study of TEC, slab-thickness and neutral temperature of the thermosphere in the Indian low latitude sector}",
JOURNAL = {Annales Geophysicae},
VOLUME = {29},
YEAR = {2011},
NUMBER = {9},
PAGES = {1635--1645},
}


@ARTICLE{Bhuyan1986,
   author = {{Bhuyan}, P.~K. and {Singh}, L. and {Tyagi}, T.~R.},
    title = "{Equivalent slab thickness of the ionosphere over 26 deg N through the ascending half of a solar cycle}",
  journal = {Annales Geophysicae},
     year = 1986,
   volume = 4,
    pages = {131--136},
}

@article{wu2006,
  title="{Spatio-temporal characteristics of the ionospheric TEC variation for GPSnet-based real-time positioning in Victoria}",
  author={Wu, Suqin and Zhang, Kefei and Yuan, Yunbin and Wu, Falin and others},
  journal={Positioning},
  volume={1},
  number={1-2},
  pages = {52--57},
  year={2006},
}

@inproceedings{Panda2013a,
  title="{GPS derived ionospheric TEC response to annular solar eclipse over Indian region on 15 January 2010}",
  author={Panda, S. K. and Gedam, S. S. and Rajaram, G.},
  booktitle={Space Science and Communication (IconSpace), 2013 IEEE International Conference on},
  pages={213--218},
  year={2013},
}

@INPROCEEDINGS{Panda2013b,
author={Panda, S. K. and Gedam, S. S. and Rajaram, G.},
booktitle={Geoscience and Remote Sensing Symposium (IGARSS), 2013 IEEE International},
title="{Ionospheric characteristics of low latitude anomaly zone over Indian region by ground based GPS, radio occultation and SPIM model predictions}",
year={2013},
month={July},
pages={1839-1842},
}