@article{Adewale2012,
title = {Solar activity dependence of total electron content derived from GPS observations over Mbarara},
journal = "Advances in Space Research ",
volume = "50",
number = "4",
pages = "415 - 426",
year = "2012",
note = "",
issn = "0273-1177",
author = "Adewale, A. O. and Oyeyemi, E. O. and Olwendo, J.",
}doi = {http://dx.doi.org/10.1016/j.asr.2012.05.006},

@article{chapman1951,
year={1951},
issn={0066-6416},
journal={Archiv f\"{u}r Meteorologie, Geophysik und Bioklimatologie, Serie A},
volume={4},
number={1},
title={{The equatorial electrojet as detected from the abnormal electric current distribution above Huancayo, Peru, and elsewhere}},
author={Chapman, S.},
pages={368-390},
}url={http://dx.doi.org/10.1007/BF02246814},doi={10.1007/BF02246814},

@article {Gonzalez1994,
author = {Gonzalez, W. D. and Joselyn, J. A. and Kamide, Y. and Kroehl, H. W. and Rostoker, G. and Tsurutani, B. T. and Vasyliunas, V. M.},
title = {{What is a geomagnetic storm?}},
journal = {Journal of Geophysical Research: Space Physics},
volume = {99},
number = {A4},
issn = {2156-2202},
pages = {5771--5792},
year = {1994},
}doi = {10.1029/93JA02867},url = {http://dx.doi.org/10.1029/93JA02867},

@article {Kamide1977,
author = {Kamide, Y. and Perreault, P. D. and Akasofu, S. -I. and Winningham, J. D.},
title = {{Dependence of substorm occurrence probability on the interplanetary magnetic field and on the size of the auroral oval}},
journal = {Journal of Geophysical Research},
volume = {82},
number = {35},
issn = {2156-2202},
pages = {5521--5528},
year = {1977},
}doi = {10.1029/JA082i035p05521},url = {http://dx.doi.org/10.1029/JA082i035p05521},

@article{Gonzalez1987,
title = {{Criteria of interplanetary parameters causing intense magnetic storms (Dst < −100 nT)}},
journal = "Planetary and Space Science ",
volume = "35",
number = "9",
pages = "1101 - 1109",
year = "1987",
note = "",
issn = "0032-0633",
author = "Walter D. Gonzalez and Bruce T. Tsurutani"
}doi = "http://dx.doi.org/10.1016/0032-0633(87)90015-8",url = "http://www.sciencedirect.com/science/article/pii/0032063387900158",

@BOOK{Sugiura1964,
   author = {Sugiura, M.},
   title = {{Hourly values of equatorial Dst for the IGY}},
   volume = {35},
   series = {Annals of the International Geophysical Year},
   publisher = {Pergamon},
   address = {New York},
   edition = {},
   month = {},
   year = 1964,}

@article {Huang2005,
author = {Huang, Chao-Song and Foster, John C. and Kelley, Michael C.},
title = {{Long-duration penetration of the interplanetary electric field to the low-latitude ionosphere during the main phase of magnetic storms}},
journal = {Journal of Geophysical Research: Space Physics},
volume = {110},
number = {A11},
issn = {2156-2202},
pages = {},
keywords = {interplanetary electric field, ionospheric electric field, electric field penetration, magnetic storms, positive ionospheric storms},
year = {2005},
}doi = {10.1029/2005JA011202},url = {http://dx.doi.org/10.1029/2005JA011202},

@article {Blanc1980,
author = {Blanc, M. and Richmond, A.D.},
title = {{The ionospheric disturbance dynamo}},
journal = {Journal of Geophysical Research: Space Physics},
volume = {85},
number = {A4},
issn = {2156-2202},
pages = {1669--1686},
year = {1980},
}url = {http://dx.doi.org/10.1029/JA085iA04p01669},doi = {10.1029/JA085iA04p01669},

@article {Fejer1979,
author = {Fejer, B.G. and Gonzales, C.A. and Farley, D.T. and Kelley, M.C. and Woodman, R.F.},
title = {{Equatorial electric fields during magnetically disturbed conditions 1. The effect of the interplanetary magnetic field}},
journal = {Journal of Geophysical Research: Space Physics},
volume = {84},
number = {A10},
issn = {2156-2202},
pages = {5797--5802},
year = {1979},
}url = {http://dx.doi.org/10.1029/JA084iA10p05797},doi = {10.1029/JA084iA10p05797},

@article {Gonzales1979,
author = {Gonzales, C.A. and Kelley, M.C. and Fejer, B.G. and Vickrey, J.F. and Woodman, R.F.},
title = {{Equatorial electric fields during magnetically disturbed conditions 2. Implications of simultaneous auroral and equatorial measurements}},
journal = {Journal of Geophysical Research: Space Physics},
volume = {84},
number = {A10},
issn = {2156-2202},
pages = {5803--5812},
year = {1979},
}doi = {10.1029/JA084iA10p05803},url = {http://dx.doi.org/10.1029/JA084iA10p05803},


@article {Richmond1978,
author = {Richmond, A. D.},
title = {{Gravity wave generation, propagation, and dissipation in the thermosphere}},
journal = {Journal of Geophysical Research: Space Physics},
volume = {83},
number = {A9},
issn = {2156-2202},
pages = {4131--4145},
year = {1978},
}url = {http://dx.doi.org/10.1029/JA083iA09p04131},doi = {10.1029/JA083iA09p04131},


@article{Hajkowicz1983,
title = {{Conjugate effects in the generation of travelling ionospheric disturbances (TIDs) in the F-region}},
journal = "Planetary and Space Science ",
volume = "31",
number = "12",
pages = "1409 - 1413",
year = "1983",
note = "",
issn = "0032-0633",
author = "Hajkowicz, L. A."
}url = "http://www.sciencedirect.com/science/article/pii/0032063383900168",doi = "http://dx.doi.org/10.1016/0032-0633(83)90016-8",


@article {Hunsucker1982,
author = {Hunsucker, Robert D.},
title = {{Atmospheric gravity waves generated in the high-latitude ionosphere: A review}},
journal = {Reviews of Geophysics},
volume = {20},
number = {2},
issn = {1944-9208},
pages = {293--315},
year = {1982},
}url = {http://dx.doi.org/10.1029/RG020i002p00293},doi = {10.1029/RG020i002p00293},

@Article{Hocke1996,
AUTHOR = {Hocke, K. and Schlegel, K.},
TITLE = {{A review of atmospheric gravity waves and travelling ionospheric disturbances: 1982-1995}},
JOURNAL = {Annales Geophysicae},
VOLUME = {14},
YEAR = {1996},
NUMBER = {9},
PAGES = {917--940},
}URL = {http://www.ann-geophys.net/14/917/1996/},DOI = {10.1007/s00585-996-0917-6}


@article {Ding2008,
author = {Ding, F. and Wan, W. and Liu, L. and Afraimovich, E. L. and Voeykov, S. V. and Perevalova, N. P.},
title = {{A statistical study of large-scale traveling ionospheric disturbances observed by GPS TEC during major magnetic storms over the years 2003-2005}},
journal = {Journal of Geophysical Research: Space Physics},
volume = {113},
number = {A3},
issn = {2156-2202},
pages = {},
year = {2008},
}url = {http://dx.doi.org/10.1029/2008JA013037},doi = {10.1029/2008JA013037},

@article {Nishida1966,
author = {Nishida, A. and Iwasaki, N. and Nagata, T.},
title = {{The origin of fluctuations in the equatorial electrojet: A new type of geomagnetic variation}},
journal = {Ann. Geophys},
volume = {22},
number = {},
pages = {478--484},
year = {1966},
}


@article {Balan2010,
author = {Balan, N. and Shiokawa, K. and Otsuka, Y. and Kikuchi, T. and Vijaya Lekshmi, D. and Kawamura, S. and Yamamoto, M. and Bailey, G. J.},
title = {{A physical mechanism of positive ionospheric storms at low latitudes and midlatitudes}},
journal = {Journal of Geophysical Research: Space Physics},
volume = {115},
number = {A2},
issn = {2156-2202},
pages = {JA014515},
keywords = {ionospheric storms, equatorward wind, electric field},
year = {2010},
}url = {http://dx.doi.org/10.1029/2009JA014515},doi = {10.1029/2009JA014515},

@Article{Manju2009,
AUTHOR = {Manju, G. and Pant, T. K. and Ravindran, S. and Sridharan, R.},
TITLE = {{On the response of the equatorial and low latitude ionospheric regions in the Indian sector to the large magnetic disturbance of 29 October 2003}},
JOURNAL = {Annales Geophysicae},
VOLUME = {27},
YEAR = {2009},
NUMBER = {6},
PAGES = {2539--2544},
}


@article{VijayaLekshmi2008,
title = {{Response of the ionosphere to super geomagnetic storms: Observations and modeling}},
journal = "Advances in Space Research ",
volume = "41",
number = "4",
pages = "548 - 555",
year = "2008",
note = "",
issn = "0273-1177",
author = "Vijaya~Lekshmi, V and Balan, N. and Vaidyan, V. K. and Alleyne, H. and Bailey, G. J.",
}url = "http://www.sciencedirect.com/science/article/pii/S0273117707009106",doi = "http://dx.doi.org/10.1016/j.asr.2007.08.029",

@article{Hajra2010,
title = {{Ionospheric effects near the magnetic equator and the anomaly crest of the Indian longitude zone during a large number of intense geomagnetic storms}},
journal = "Journal of Atmospheric and Solar-Terrestrial Physics ",
volume = "72",
number = "17",
pages = "1299 - 1308",
year = "2010",
note = "",
issn = "1364-6826",
author = "Hajra, R. and Chakraborty, S. K.  and DasGupta, A. ",
}url = "http://www.sciencedirect.com/science/article/pii/S1364682610002750",doi = "http://dx.doi.org/10.1016/j.jastp.2010.09.015",


@article{Astafyeva2009,
title = {{Dayside ionospheric uplift during strong geomagnetic storms as detected by the CHAMP, SAC-C, TOPEX and Jason-1 satellites}},
journal = "Advances in Space Research ",
volume = "43",
number = "11",
pages = "1749 - 1756",
year = "2009",
note = "Ionosphere - Modelling, Forecasting, and Telecommunications I ",
issn = "0273-1177",
author = "Astafyeva, E. I.",}url = "http://www.sciencedirect.com/science/article/pii/S0273117709001355",doi = "http://dx.doi.org/10.1016/j.asr.2008.09.036",


@article{deAbreu2010,
title = {{Response of the ionospheric F-region in the Brazilian sector during the super geomagnetic storm in April 2000 observed by GPS}},
journal = "Advances in Space Research ",
volume = "45",
number = "11",
pages = "1322 - 1329",
year = "2010",
note = "",
issn = "0273-1177",
author = "de Abreu, A. J. and Sahai, Y. and Fagundes, P. R. and Becker-Guedes, F. and de Jesus, R. and Guarnieri, F. L.  and Pillat, V. G. ",
}url = "http://www.sciencedirect.com/science/article/pii/S0273117710001080",
doi = "http://dx.doi.org/10.1016/j.asr.2010.02.003",

@article{deJesus2012,
title = {{Ionospheric response of equatorial and low latitude F-region during the intense geomagnetic storm on 24–25 August 2005}},
journal = "Advances in Space Research ",
volume = "49",
number = "3",
pages = "518 - 529",
year = "2012",
note = "",
issn = "0273-1177",
author = "de Jesus, R. and Y. Sahai and F.L. Guarnieri and P.R. Fagundes and A.J. de Abreu and J.A. Bittencourt and T. Nagatsuma and C.-S. Huang and H.T. Lan and V.G. Pillat",
}url = "http://www.sciencedirect.com/science/article/pii/S0273117711007538",doi = "http://dx.doi.org/10.1016/j.asr.2011.10.020",

@article{Maltseva2012,
title = {{Use of TEC global maps and the IRI model to study ionospheric response to geomagnetic disturbances}},
journal = "Advances in Space Research ",
volume = "49",
number = "6",
pages = "1076 - 1087",
year = "2012",
note = "",
issn = "0273-1177",
author = "Maltseva, O. A. and N.S. Mozhaeva and O.S. Poltavsky and G.A. Zhbankov",
}url = "http://www.sciencedirect.com/science/article/pii/S0273117712000282",doi = "http://dx.doi.org/10.1016/j.asr.2012.01.005",



@article{Vlasov2003,
title = {{Analysis of ground-based and satellite observations of F-region behavior during the great magnetic storm of July 15, 2000}},
journal = "Journal of Atmospheric and Solar-Terrestrial Physics ",
volume = "65",
number = "11–13",
pages = "1223 - 1234",
year = "2003",
note = "",
issn = "1364-6826",
author = "Vlasov, M. and Kelley, M. C.  and Kil, H.",
}url = "http://www.sciencedirect.com/science/article/pii/S1364682603001780",doi = "http://dx.doi.org/10.1016/j.jastp.2003.08.012",


@article {Zhao2008,
author = {Zhao, B. and Wan, W. and Tschu, K. and Igarashi, K. and Kikuchi, T. and Nozaki, K. and Watari, S. and Li, G. and Paxton, L. J. and Liu, L. and Ning, B. and Liu, J.-Y. and Su, S.-Y. and Bulanon, Harold P.},
title = {{Ionosphere disturbances observed throughout Southeast Asia of the superstorm of 20–22 November 2003}},
journal = {Journal of Geophysical Research: Space Physics},
volume = {113},
number = {A3},
issn = {2156-2202},
pages = {},
keywords = {magnetic storm, ionospheric disturbance, mid-low latitudes},
year = {2008},
}url = {http://dx.doi.org/10.1029/2008JA013054},doi = {10.1029/2008JA013054},


@article {Lu2008,
author = {Lu, G. and Goncharenko, L. P. and Richmond, A. D. and Roble, R. G. and Aponte, N.},
title = {{A dayside ionospheric positive storm phase driven by neutral winds}},
journal = {Journal of Geophysical Research: Space Physics},
volume = {113},
number = {A8},
issn = {2156-2202},
pages = {},
keywords = {Positive storm phase, ionospheric disturbance},
year = {2008},
}url = {http://dx.doi.org/10.1029/2007JA012895},doi = {10.1029/2007JA012895},


@article {Balan2009,
author = {Balan, N. and Shiokawa, K. and Otsuka, Y. and Watanabe, S. and Bailey, G. J.},
title = {{Super plasma fountain and equatorial ionization anomaly during penetration electric field}},
journal = {Journal of Geophysical Research: Space Physics},
volume = {114},
number = {A3},
issn = {2156-2202},
pages = {},
keywords = {super plasma fountain, ionisation anomaly},
year = {2009},
}url = {http://dx.doi.org/10.1029/2008JA013768},doi = {10.1029/2008JA013768},


@article{Trivedi2011,
title = {{Study of TEC changes during geomagnetic storms occurred near the crest of the equatorial ionospheric ionization anomaly in the Indian sector}},
journal = "Advances in Space Research ",
volume = "48",
number = "10",
pages = "1617--1630",
year = "2011",
note = "",
issn = "0273-1177",
author = "Trivedi, R. and Jain, A. and Jain, S. and Gwal, A. K.",
}url = "http://www.sciencedirect.com/science/article/pii/S0273117711005813",doi = "http://dx.doi.org/10.1016/j.asr.2011.08.008",


@article{Kumar2011,
title = {{GPS derived ionospheric TEC response to geomagnetic storm on 24 August 2005 at Indian low latitude stations}},
journal = "Advances in Space Research ",
volume = "47",
number = "4",
pages = "710 - 717",
year = "2011",
note = "",
issn = "0273-1177",
author = "Kumar, S. and Singh, A. K. ",
}url = "http://www.sciencedirect.com/science/article/pii/S0273117710006940",doi = "http://dx.doi.org/10.1016/j.asr.2010.10.015",


@Article{Sharma2011,
AUTHOR = {Sharma, S. and Galav, P. and Dashora, N. and Pandey, R.},
TITLE = {{Longitudinal study of the ionospheric response to the geomagnetic storm of 15 May 2005 and manifestation of TADs}},
JOURNAL = {Annales Geophysicae},
VOLUME = {29},
YEAR = {2011},
NUMBER = {6},
PAGES = {1063--1070},
}URL = {http://www.ann-geophys.net/29/1063/2011/},DOI = {10.5194/angeo-29-1063-2011}

@Article{Dashora2009,
AUTHOR = {Dashora, N. and Sharma, S. and Dabas, R. S. and Alex, S. and Pandey, R.},
TITLE = {{Large enhancements in low latitude total electron content during 15 May 2005 geomagnetic storm in Indian zone}},
JOURNAL = {Annales Geophysicae},
VOLUME = {27},
YEAR = {2009},
NUMBER = {5},
PAGES = {1803--1820},
}URL = {http://www.ann-geophys.net/27/1803/2009/},DOI = {10.5194/angeo-27-1803-2009}

@article {VijayaLekshmi2011,
author = {Vijaya~Lekshmi, D. and Balan, N. and Tulasi Ram, S. and Liu, J. Y.},
title = {{Statistics of geomagnetic storms and ionospheric storms at low and mid latitudes in two solar cycles}},
journal = {Journal of Geophysical Research: Space Physics},
volume = {116},
number = {A11},
issn = {2156-2202},
pages = {},
keywords = {geomagnetic storms, ionospheric storms},
year = {2011},
}url = {http://dx.doi.org/10.1029/2011JA017042},doi = {10.1029/2011JA017042},


@article{Balan1990,
title = {{Dependence of ionospheric response on the local time of sudden commencement and the intensity of geomagnetic storms}},
journal = "Journal of Atmospheric and Terrestrial Physics ",
volume = "52",
number = "4",
pages = "269 - 275",
year = "1990",
note = "",
issn = "0021-9169",
author = "Balan, N. and Rao, P. B."
}url = "http://www.sciencedirect.com/science/article/pii/0021916990900944",doi = "http://dx.doi.org/10.1016/0021-9169(90)90094-4",


@article {Crowley2006,
author = {Crowley, G. and Hackert, C. L. and Meier, R. R. and Strickland, D. J. and Paxton, L. J. and Pi, X. and Mannucci, A. and Christensen, A. B. and Morrison, D. and Bust, G. S. and Roble, R. G. and Curtis, N. and Wene, G.},
title = {{Global thermosphere-ionosphere response to onset of 20 November 2003 magnetic storm}},
journal = {Journal of Geophysical Research: Space Physics},
volume = {111},
number = {A10},
issn = {2156-2202},
pages = {},
keywords = {composition, ionosphere, winds},
year = {2006},
}url = {http://dx.doi.org/10.1029/2005JA011518},doi = {10.1029/2005JA011518},


@article{LopezMontes2012,
title = {{The impact of large solar events on the total electron content of the ionosphere at mid latitudes}},
journal = "Advances in Space Research ",
volume = "49",
number = "7",
pages = "1167 - 1179",
year = "2012",
note = "",
issn = "0273-1177",
author = "L\'{o}pez-Montes, R. and PL\'{e}rez-EnrL\'{i}quez, R. and Araujo-Pradere, E. A.",
}url = "http://www.sciencedirect.com/science/article/pii/S027311771200049X",doi = "http://dx.doi.org/10.1016/j.asr.2012.01.008",



@Article{Blanch2005,
AUTHOR = {Blanch, E. and Altadill, D. and Bo\v{s}ka, J. and Bure\v{s}ov\'a, D. and Hern\'andez-Pajares, M.},
TITLE = {{November 2003 event: effects on the Earth's ionosphere observed from ground-based ionosonde and GPS data}},
JOURNAL = {Annales Geophysicae},
VOLUME = {23},
YEAR = {2005},
NUMBER = {9},
PAGES = {3027--3034},
}URL = {http://www.ann-geophys.net/23/3027/2005/},DOI = {10.5194/angeo-23-3027-2005}

@article {Yizengaw2006,
author = {Yizengaw, E. and Moldwin, M. B. and Komjathy, A. and Mannucci, A. J.},
title = {{Unusual topside ionospheric density response to the November 2003 superstorm}},
journal = {Journal of Geophysical Research: Space Physics},
volume = {111},
number = {A2},
issn = {2156-2202},
pages = {},
keywords = {topside ionosphere, GPS TEC, magnetic storm},
year = {2006},
}url = {http://dx.doi.org/10.1029/2005JA011433},doi = {10.1029/2005JA011433},


@article {Dashora2007,
author = {Dashora, N and Pandey, R.},
title = {{Variations in the total electron content near the crest of the equatorial ionization anomaly during the November 2004 geomagnetic storm}},
journal = {Earth Planets Space},
volume = {59},
number = {A2},
issn = {},
pages = {127-131},
year = {2006},
}url = {http://www.terrapub.co.jp/journals/EPS/pdf/2007/5902},


@article {Simi2013,
author = {Simi, K. G. and Manju, G. and Madhav Haridas, M. K. and Prabhakaran Nayar, S. R. and Pant, T. K. and Alex, S.},
title = {{Ionospheric response to a geomagnetic storm during November 8-10, 2004}},
journal = {Earth Planets Space},
volume = {65},
number = {4},
issn = {},
pages = {343-350},
year = {2013},
}url = {http://www.terrapub.co.jp/journals/EPS/pdf/2013/6504},


@article{deAbreu2011,
title = {{An investigation of ionospheric F region response in the Brazilian sector to the super geomagnetic storm of May 2005}},
journal = "Advances in Space Research ",
volume = "48",
number = "7",
pages = "1211 - 1220",
year = "2011",
note = "",
issn = "0273-1177",
author = "de~Abreu, A. J.  and Sahai, Y. and Fagundes, P. R. and de~Jesus, R. and  Bittencourt, J. A. and Pillat, V. G. ",
}url = "http://www.sciencedirect.com/science/article/pii/S0273117711004030",doi = "http://dx.doi.org/10.1016/j.asr.2011.05.036",


@article {Sahai2005,
author = {Sahai, Y. and Fagundes, P. R. and Becker-Guedes, F. and Bolzan, M. J. A. and Abalde, J. R. and Pillat, V. G. and de Jesus, R. and Lima, W. L. C. and Crowley, G. and Shiokawa, K. and MacDougall, J. W. and Lan, H. T. and Igarashi, K. and Bittencourt, J. A.},
title = {{Effects of the major geomagnetic storms of October 2003 on the equatorial and low-latitude F region in two longitudinal sectors}},
journal = {Journal of Geophysical Research: Space Physics},
volume = {110},
number = {A12},
issn = {2156-2202},
pages = {A010999},
year = {2005},
}url = {http://dx.doi.org/10.1029/2004JA010999},doi = {10.1029/2004JA010999},

@article {Gordienko2005,
author = {Gordienko, G. I. and Vodyannikov, V. V. and Yakovets, A. F.},
title = {{Ionospheric disturbances over Alma-Ata during the October–November 2003 magnetic storms}},
journal = {Journal of Geophysical Research: Space Physics},
volume = {110},
number = {A9},
issn = {2156-2202},
pages = {},
keywords = {intense geomagnetic storm, ionospheric disturbance, ionosonde data, nighttime ionosphere, space weather},
year = {2005},
}url = {http://dx.doi.org/10.1029/2004JA010945},doi = {10.1029/2004JA010945},

@article {Lin2005,
author = {Lin, C. H. and Richmond, A. D. and Heelis, R. A. and Bailey, G. J. and Lu, G. and Liu, J. Y. and Yeh, H. C. and Su, S.-Y.},
title = {{Theoretical study of the low- and midlatitude ionospheric electron density enhancement during the October 2003 superstorm: Relative importance of the neutral wind and the electric field}},
journal = {Journal of Geophysical Research: Space Physics},
volume = {110},
number = {A12},
issn = {2156-2202},
pages = {A011304},
year = {2005},
}url = {http://dx.doi.org/10.1029/2005JA011304},doi = {10.1029/2005JA011304},

@article {Lin2005b,
author = {Lin, C. H. and Richmond, A. D. and Liu, J. Y. and Yeh, H. C. and Paxton, L. J. and Lu, G. and Tsai, H. F. and Su, S.-Y.},
title = {{Large-scale variations of the low-latitude ionosphere during the October-November 2003 superstorm: Observational results}},
journal = {Journal of Geophysical Research: Space Physics},
volume = {110},
number = {A9},
issn = {2156-2202},
pages = {A010900},
keywords = {ionospheric disturbances, magnetic storm, TEC enhancement},
year = {2005},
}url = {http://dx.doi.org/10.1029/2004JA010900},doi = {10.1029/2004JA010900},



@article {Balan2012,
author = {Balan, N. and Liu, J. Y. and Otsuka, Y. and Tulasi Ram, S. and L\"{u}hr, H.},
title = {{Ionospheric and thermospheric storms at equatorial latitudes observed by CHAMP, ROCSAT, and DMSP}},
journal = {Journal of Geophysical Research: Space Physics},
volume = {117},
number = {A1},
issn = {2156-2202},
pages = {A016903},
keywords = {equatorial storms, ionospheric storms, thermospheric storms},
year = {2012},
}

@article {Basu2005,
author = {Basu, S. and Basu, {Su}. and Groves, K. M. and MacKenzie, E. and Keskinen, M. J. and Rich, F. J.},
title = {{Near-simultaneous plasma structuring in the midlatitude and equatorial ionosphere during magnetic superstorms}},
journal = {Geophysical Research Letters},
volume = {32},
number = {12},
issn = {1944-8007},
pages = {L12S05},
year = {2005},
}url = {http://dx.doi.org/10.1029/2004GL021678},doi = {10.1029/2004GL021678},


@article {Mukhtarov2013,
author = {Mukhtarov, P. and Andonov, B. and Pancheva, D.},
title = {{Global empirical model of TEC response to geomagnetic activity}},
journal = {Journal of Geophysical Research: Space Physics},
volume = {118},
number = {10},
issn = {2169-9402},
pages = {6666--6685},
keywords = {relative deviation of TEC, response to geomagnetic activity, positive and negative response, GNSS},
year = {2013},
}url = {http://dx.doi.org/10.1002/jgra.50576},doi = {10.1002/jgra.50576},



@article {Yizengaw2006,
author = {Yizengaw, E. and Moldwin, M. B. and Komjathy, A. and Mannucci, A. J.},
title = {{Unusual topside ionospheric density response to the November 2003 superstorm}},
journal = {Journal of Geophysical Research: Space Physics},
volume = {111},
number = {A2},
issn = {2156-2202},
pages = {A011433},
keywords = {topside ionosphere, GPS TEC, magnetic storm},
year = {2006},
}url = {http://dx.doi.org/10.1029/2005JA011433},doi = {10.1029/2005JA011433},


@article{Pirog2010,
title = {{study of ionospheric response to magnetic superstorms in the East Asian sector}},
journal = "Journal of Atmospheric and Solar-Terrestrial Physics ",
volume = "72",
number = "2–3",
pages = "164 - 175",
year = "2010",
note = "",
issn = "1364-6826",
author = "Pirog, O. M. and Polekh, N. M.  and Romanova, E. B.  and Zherebtsov, G. A. and Jiankui Shi and Xiao Wang",
}url = "http://www.sciencedirect.com/science/article/pii/S136468260900296X",doi = "http://dx.doi.org/10.1016/j.jastp.2009.11.004",



@Article{Zhao2005,
AUTHOR = {Zhao, B. and Wan, W. and Liu, L.},
TITLE = {{Responses of equatorial anomaly to the October-November 2003 superstorms}},
JOURNAL = {Annales Geophysicae},
VOLUME = {23},
YEAR = {2005},
NUMBER = {3},
PAGES = {693--706},
}URL = {http://www.ann-geophys.net/23/693/2005/},DOI = {10.5194/angeo-23-693-2005}


@article{Mendillo1974,
title = {{Ionospheric disturbances: Evidence for the contraction of the plasmasphere during severe geomagnetic storms}},
journal = "Planetary and Space Science ",
volume = "22",
number = "2",
pages = "223 - 236",
year = "1974",
note = "",
issn = "0032-0633",
author = "Mendillo, M. and Klobuchar, J. A.  and Hajeb-Hosseinieh, H."
}url = "http://www.sciencedirect.com/science/article/pii/0032063374900269",doi = "http://dx.doi.org/10.1016/0032-0633(74)90026-9",

@article{Essex1981,
title = {A global response of the total electron content of the ionosphere to the magnetic storm of 17 and 18 June 1972},
journal = "Journal of Atmospheric and Terrestrial Physics ",
volume = "43",
number = "4",
pages = "293 - 306",
year = "1981",
note = "",
issn = "0021-9169",
author = {Essex, E. A. and Mendillo, M. and Sch\"{o}del, J. P. and J.A. Klobuchar and A.V. da Rosa and K.C. Yeh and R.B. Fritz and F.H. Hibberd and L. Kersley and J.R. Koster and D.A. Matsoukas and Y. Nakata and T.H. Roelofs},
}url = "http://www.sciencedirect.com/science/article/pii/002191698190091X",doi = "http://dx.doi.org/10.1016/0021-9169(81)90091-X",


@article{Huang1985,
title = {{Major ionospheric storms during July-September 1982 at lower latitudes in East Asia}},
journal = "Journal of Atmospheric and Terrestrial Physics ",
volume = "47",
number = "8–10",
pages = "1031 - 1036",
year = "1985",
note = "",
issn = "0021-9169",
author = "Huang, T. ",
}url = "http://www.sciencedirect.com/science/article/pii/0021916985900832",doi = "http://dx.doi.org/10.1016/0021-9169(85)90083-2",


@article{Mansilla2006,
title = {{Equatorial and low latitude ionosphere during intense geomagnetic storms}},
journal = "Journal of Atmospheric and Solar-Terrestrial Physics ",
volume = "68",
number = "18",
pages = "2091 - 2100",
year = "2006",
note = "",
issn = "1364-6826",
author = "Mansilla, G. A. ",
}url = "http://www.sciencedirect.com/science/article/pii/S1364682606001751",doi = "http://dx.doi.org/10.1016/j.jastp.2006.07.005",


@article {Abdu2007,
author = {Abdu, Mangalathayil A. and Maruyama, Takashi and Batista, Inez S. and Saito, Susumo and Nakamura, Maho},
title={Ionospheric responses to the October 2003 superstorm: Longitude/local time effects over equatorial low and middle latitudes},
journal = {Journal of Geophysical Research: Space Physics},
volume = {112},
pages = {A10306},
keywords = {equatorial disturbance electric fields, equatorial anomaly, longitudinal/local time effects},
year = {2007}
}


@article {Matsushita1959,
author = {Matsushita, S.},
title = {{A study of the morphology of ionospheric storms}},
journal = {Journal of Geophysical Research},
volume = {64},
number = {3},
issn = {2156-2202},
pages = {305--321},
year = {1959},
}url = {http://dx.doi.org/10.1029/JZ064i003p00305},doi = {10.1029/JZ064i003p00305},


@article {Bhattacharyya2002,
author = {Bhattacharyya, A. and Basu, S. and Groves, K. M. and Valladares, C. E. and Sheehan, R.},
title = {{Effect of magnetic activity on the dynamics of equatorial F region irregularities}},
journal = {Journal of Geophysical Research: Space Physics},
volume = {107},
number = {A12},
issn = {2156-2202},
pages = {SIA 20-1--SIA 20-7},
year = {2002},
}url = {http://dx.doi.org/10.1029/2002JA009644},doi = {10.1029/2002JA009644},

@article{Uma2012,
title = {{Ionospheric responses to two large geomagnetic storms over Japanese and Indian longitude sectors}},
journal = "Journal of Atmospheric and Solar-Terrestrial Physics ",
volume = "74",
number = "0",
pages = "94--110",
year = "2012",
note = "",
issn = "1364-6826",
author = "Uma, G. and P.S. Brahmanandam and Yoshihiro Kakinami and A. Dmitriev and N.S.M.P. Latha Devi and K. Uday Kiran and D.S.V.V.D. Prasad and P.V.S. Rama Rao and K Niranjan and Ch. Seshu Babu and Y.H. Chu",
}url = "http://www.sciencedirect.com/science/article/pii/S1364682611002744",doi = "http://dx.doi.org/10.1016/j.jastp.2011.10.001",


@Article{RamaRao2009,
AUTHOR = {Rama~Rao, P. V. S. and Gopi Krishna, S. and Vara Prasad, J. and Prasad, S. N. V. S. and Prasad, D. S. V. V. D. and Niranjan, K.},
TITLE = {{Geomagnetic storm effects on GPS based navigation}},
JOURNAL = {Annales Geophysicae},
VOLUME = {27},
YEAR = {2009},
NUMBER = {5},
PAGES = {2101--2110},
}URL = {http://www.ann-geophys.net/27/2101/2009/},DOI = {10.5194/angeo-27-2101-2009}


@article {Sastri2002,
author = {Sastri, J. Hanumath and Niranjan, K. and Subbarao, K. S. V.},
title = {{Response of the equatorial ionosphere in the Indian (midnight) sector to the severe magnetic storm of July 15, 2000}},
journal = {Geophysical Research Letters},
volume = {29},
number = {13},
issn = {1944-8007},
pages = {29-1--29-4},
year = {2002},
}url = {http://dx.doi.org/10.1029/2002GL015133},doi = {10.1029/2002GL015133},

@Article{Lakshmi1997,
AUTHOR = {Lakshmi, D. R. and Veenadhari, B. and Dabas, R. S. and Reddy, B. M.},
TITLE = {{Sudden post-midnight decrease in equatorial F-region electron densities associated with severe magnetic storms}},
JOURNAL = {Annales Geophysicae},
VOLUME = {15},
YEAR = {1997},
NUMBER = {3},
PAGES = {306--313},
}URL = {http://www.ann-geophys.net/15/306/1997/},DOI = {10.1007/s00585-997-0306-9}


@article{Ngwira2012,
	title = {{An investigation of ionospheric disturbances over South Africa during the magnetic storm on 15 May 2005}},
	journal = "Advances in Space Research ",
	volume = "49",
	number = "2",
	pages = "327 - 335",
	year = "2012",
	note = "",
	issn = "0273-1177",
	author = "Chigomezyo, M. N. and Lee-Anne, M. and Pierre, J. C. and Endawoke, Y."}url = "http://www.sciencedirect.com/science/article/pii/S0273117711007174",doi = "http://dx.doi.org/10.1016/j.asr.2011.09.035",

@Article{Panda2012,
 Author = {Panda, S. K. and Gedam, S. S.},
 title = {{GPS derived spatial ionospheric total electron content variation over South-Indian latitudes during intense geomagnetic storms}},
 journal = "{Proc. SPIE 8535, Optics in Atmospheric Propagation and Adaptive Systems XV}",
 pages = "{85350B-85350B-10}",
 editor = {Karin Stein and John Gonglewski},
 month = {November},
 year   = "{2012}"
} 


@ARTICLE{Deshpande1977,
   author = {{Deshpande}, M.~R. and {Rastogi}, R.~G. and {Vats}, H.~O. and 
	{Sethia}, G. and {Klobuchar}, J.~A. and {Jain}, A.~R. and {Subbarao}, B.~S. and 
	{Patwari}, V.~M. and {Janve}, A.~V. and {Rai}, R.~K.},
    title = {{Effect of electrojet on the total electron content of the ionosphere over the Indian subcontinent}},
  journal = {Nature},
 keywords = {EQUATORIAL ELECTROJET, F 2 REGION, INDIA, IONOSPHERIC ELECTRON DENSITY, ATS 6, DIURNAL VARIATIONS, GEOMAGNETISM, MAGNETIC DISTURBANCES, RADIO BEACONS},
     year = 1977,
    month = jun,
   volume = 267,
    pages = {599},
} doi = {10.1038/267599a0},

@ARTICLE{Appleton1946,
   author = {{Appleton}, E.~V.},
    title = {Two Anomalies in the Ionosphere},
  journal = {Nature},
     year = 1946,
    month = may,
   volume = 157,
    pages = {691},
} doi = {10.1038/157691a0},

@article{Gouin1967,
author = {Gouin, P. and Mayaud, P. N. },
issn = {14641917},
journal = {Ann. Geophys.},
number = {},
pages = {41--47},
title = {{A propos de existence possible d’un contre electrojet and latitudes magnetiques equatorials}},
url = {},
volume = {23},
year = {1967}
}doi = {10.1016/S1464-1917(01)00016-2},


@article{Saranya2011,
title = {{Pre-storm behaviour of NmF2 and TEC(GPS) over equatorial and low latitude stations in the Indian sector}},
journal = "Advances in Space Research ",
volume = "48",
number = "2",
pages = "207 - 217",
year = "2011",
note = "",
issn = "0273-1177",
author = "Saranya, P. L. and K. Venkatesh and D.S.V.V.D. Prasad and P.V.S. Rama Rao and K. Niranjan",
}url = "http://www.sciencedirect.com/science/article/pii/S0273117711002092",doi = "http://dx.doi.org/10.1016/j.asr.2011.03.028",


@article {Rastogi1990,
author = {Rastogi, R. G. and Klobuchar, J. A.},
title = {{Ionospheric electron content within the equatorial F2 layer anomaly belt}},
journal = {Journal of Geophysical Research: Space Physics},
volume = {95},
number = {A11},
issn = {2156-2202},
pages = {19045--19052},
year = {1990},
}url = {http://dx.doi.org/10.1029/JA095iA11p19045},doi = {10.1029/JA095iA11p19045},


@article{Jose2011,
author = {Jose, L. and Ravindran, S. and Vineeth, C. and Pant, T. K. and Alex, S.},
issn = {1432-0576},
journal = {Annales Geophysicae},
keywords = {electric fields and currents,equa-,ionosphere},
month = jul,
number = {7},
pages = {1267--1275},
title = {{Investigation of the response time of the equatorial ionosphere in context of the equatorial electrojet and equatorial ionization anomaly}},
volume = {29},
year = {2011}
}url = {http://www.ann-geophys.net/29/1267/2011/},doi = {10.5194/angeo-29-1267-2011},

@article{Chandra1971,
title = {{Equatorial ionospheric drift and the electrojet}},
journal = "Planetary and Space Science ",
volume = "19",
number = "11",
pages = "1497 - 1503",
year = "1971",
note = "",
issn = "0032-0633",
author = "Chandra, H. and Misra, R. K. and Rastogi, R. G. ",
}doi = "http://dx.doi.org/10.1016/0032-0633(71)90009-2",



@article{Bhargava1983,
year={1983},
issn={0253-4126},
journal={Proceedings of the Indian Academy of Sciences - Section A. Part 2, Earth and Planetary Sciences},
volume={92},
number={1},
title={{Indices of equatorial electrojet and counter-electrojet in the Indian region: Evolution of the indices and their authenticity}},
publisher={Springer India},
keywords={Electrojet; counter-electrojet; indices; frequency distribution; solar cycle modulation; lunar modulation},
author={Bhargava, B. N. and Arora, B. R. and Sastri, N. S.},
pages={45-55},
}url={http://dx.doi.org/10.1007/BF02936463},doi={10.1007/BF02936463},


@ARTICLE{Alex2001,
   author = {{Alex}, S. and {Mukherjee}, S.},
    title = {{Local time dependence of the equatorial counter electrojet effect in a narrow longitudinal belt}},
  journal = {Earth, Planets, and Space},
     year = 2001,
    month = dec,
   volume = 53,
    pages = {1151-1161},}

@article{Sripathi2012,
author = {Sripathi, S. and Bhattacharyya, A.},
issn = {0148-0227},
journal = {Journal of Geophysical Research},
keywords = {EEJ strength,GPS TEC,SSW events},
month = may,
number = {A5},
pages = {A05305},
title = {{Quiet time variability of the GPS TEC and EEJ strength over Indian region associated with major sudden stratospheric warming events during 2005/2006}},
volume = {117},
year = {2012}
}url = {http://doi.wiley.com/10.1029/2011JA017103},doi = {10.1029/2011JA017103},


@article {Skoug2004,
author = {Skoug, R. M. and Gosling, J. T. and Steinberg, J. T. and McComas, D. J. and Smith, C. W. and Ness, N. F. and Hu, Q. and Burlaga, L. F.},
title = {{Extremely high speed solar wind: 29–30 October 2003}},
journal = {Journal of Geophysical Research: Space Physics},
volume = {109},
number = {A9},
issn = {2156-2202},
pages = {A010494},
year = {2004},
}url = {http://dx.doi.org/10.1029/2004JA010494},doi = {10.1029/2004JA010494},


@article {Gopalswamy2005,
author = {Gopalswamy, N. and Yashiro, S. and Michalek, G. and Xie, H. and Lepping, R. P. and Howard, R. A.},
title = {{Solar source of the largest geomagnetic storm of cycle 23}},
journal = {Geophysical Research Letters},
volume = {32},
number = {12},
issn = {1944-8007},
pages = {L021639},
year = {2005},
}url = {http://dx.doi.org/10.1029/2004GL021639},doi = {10.1029/2004GL021639},


@article{Trivedi2011,
title = {{Study of TEC changes during geomagnetic storms occurred near the crest of the equatorial ionospheric ionization anomaly in the Indian sector}},
journal = "Advances in Space Research ",
volume = "48",
number = "10",
pages = "1617 - 1630",
year = "2011",
note = "",
issn = "0273-1177",
author = "Trivedi, R. and Jain, A. and Jain, S. and Gwal, A. K. ",
}url = "http://www.sciencedirect.com/science/article/pii/S0273117711005813",doi = "http://dx.doi.org/10.1016/j.asr.2011.08.008",



@article{Malik2010,
title = {{Study of ionospheric variability during geomagnetic storms}},
journal = "J. Ind. Geophys. Union",
volume = "14",
number = "1",
pages = "47 - 56",
year = "2010",
note = "",
issn = "",
author = "Malik, R. and Sarkar, S. and Mukherjee, S and Gwal, A. K.",
}doi = "",
url = "",

@Article{Yao2013,
AUTHOR = {Yao, Y. B. and Chen, P. and Zhang, S. and Chen, J. J.},
TITLE = {{Temporal and spatial variations in ionospheric electron density profiles over South Africa during strong magnetic storms}},
JOURNAL = {Natural Hazards and Earth System Science},
VOLUME = {13},
YEAR = {2013},
NUMBER = {2},
PAGES = {375--384},
}URL = {http://www.nat-hazards-earth-syst-sci.net/13/375/2013/},DOI = {10.5194/nhess-13-375-2013}



@article {Mannucci2005,
author = {Mannucci, A. J. and Tsurutani, B. T. and Iijima, B. A. and Komjathy, A. and Saito, A. and Gonzalez, W. D. and Guarnieri, F. L. and Kozyra, J. U. and Skoug, R.},
title = {{Dayside global ionospheric response to the major interplanetary events of October 29-30, 2003 \textquotedblleft Halloween Storms \textquotedblright}},
journal = {Geophysical Research Letters},
volume = {32},
number = {12},
issn = {1944-8007},
pages = {L021467},
year = {2005},
}



@article {Tsurutani2005,
author = {Tsurutani, B. T. and Judge, D. L. and Guarnieri, F. L. and Gangopadhyay, P. and Jones, A. R. and Nuttall, J. and Zambon, G. A. and Didkovsky, L. and Mannucci, A. J. and Iijima, B. and Meier, R. R. and Immel, T. J. and Woods, T. N. and Prasad, S. and Floyd, L. and Huba, J. and Solomon, S. C. and Straus, P. and Viereck, R.},
title = {{The October 28, 2003 extreme EUV solar flare and resultant extreme ionospheric effects: Comparison to other Halloween events and the Bastille Day event}},
journal = {Geophysical Research Letters},
volume = {32},
number = {3},
issn = {1944-8007},
pages = {L021475},
year = {2005},
}url = {10.1029/2004GL021475},doi = {10.1029/2004GL021475},


@article{Cander2005,
title = {{Ionospheric spatial and temporal variations during the 29-31 October 2003 storm}},
journal = "Journal of Atmospheric and Solar-Terrestrial Physics ",
volume = "67",
number = "12",
pages = "1118 - 1128",
year = "2005",
issn = "1364-6826",
author = "Cander, L. R. and Mihajlovic, S. J.",
}url = "http://www.sciencedirect.com/science/article/pii/S1364682605000933",
doi = "10.1016/j.jastp.2005.02.020",


@Article{RamaRao2009,
AUTHOR = {Rama Rao, P. V. S. and Gopi Krishna, S. and Vara Prasad, J. and Prasad, S. N. V. S. and Prasad, D. S. V. V. D. and Niranjan, K.},
TITLE = {{Geomagnetic storm effects on GPS based navigation}},
JOURNAL = {Annales Geophysicae},
VOLUME = {27},
YEAR = {2009},
NUMBER = {5},
PAGES = {2101--2110},
}URL = {http://www.ann-geophys.net/27/2101/2009/},DOI = {10.5194/angeo-27-2101-2009}


@article {Mannucci2008,
author = {Mannucci, A. J. and Tsurutani, B. T. and Abdu, M. A. and Gonzalez, W. D. and Komjathy, A. and Echer, E. and Iijima, B. A. and Crowley, G. and Anderson, D.},
title = {{Superposed epoch analysis of the dayside ionospheric response to four intense geomagnetic storms}},
journal = {Journal of Geophysical Research: Space Physics},
volume = {113},
number = {A3},
issn = {2156-2202},
pages = {A012732},
year = {2008},
}url = {http://dx.doi.org/10.1029/2007JA012732},
doi = {10.1029/2007JA012732},


@article {Perevalova2008,
author = {Perevalova, N. P. and Afraimovich, E. L. and Voeykov, S. V. and Zhivetiev, I. V.},
title = {{Parameters of large-scale TEC disturbances during the strong magnetic storm on 29 October 2003}},
journal = {Journal of Geophysical Research: Space Physics},
volume = {113},
number = {A3},
issn = {2156-2202},
pages = {A013137},
year = {2008},
}url = {http://dx.doi.org/10.1029/2008JA013137},
doi = {10.1029/2008JA013137},

@article {Anderson2006,
author = {Anderson, D. and Anghel, A. and Araujo, E. and Eccles, V. and Valladares, C. and Lin, C.},
title = {Theoretically modeling the low-latitude, ionospheric response to large geomagnetic storms},
journal = {Radio Science},
volume = {41},
number = {5},
issn = {1944-799X},
pages = {RS003376},
year = {2006},
}


@article{Jakowski2008,
  title={Large-scale ionospheric gradients over Europe observed in October 2003},
  author={Jakowski, N. and Mielich, J. and Borries, C. and Cander, L. and Krankowski, A. and Nava, B. and Stankov, S. M.},
  journal={Journal of Atmospheric and Solar-Terrestrial Physics},
  volume={70},
  number={15},
  pages={1894--1903},
  year={2008},
  publisher={Elsevier}
}

@article{Stankov2009,
  title={Ionospheric slab thickness--Analysis, modelling and monitoring},
  author={Stankov, S. M. and Warnant, R.},
  journal={Advances in Space Research},
  volume={44},
  number={11},
  pages={1295--1303},
  year={2009},
  publisher={Elsevier}
}



@article{Davies1991,
  title={Ionospheric slab thickness in middle and low latitudes},
  author={Davies, K. and Liu, X. M.},
  journal={Radio science},
  volume={26},
  number={4},
  pages={997--1005},
  year={1991},
  publisher={Wiley Online Library}
}


@article{Fox1991,
  title={Ionospheric equivalent slab thickness and its modeling applications},
  author={Fox, M. W. and Mendillo, M. and Klobuchar, J. A.},
  journal={Radio science},
  volume={26},
  number={2},
  pages={429--438},
  year={1991},
  publisher={Wiley Online Library}
}


