@Article{angeo-27-1047-2009,
AUTHOR = {Bagiya, Mala S. and Joshi, H. P. and Iyer, K. N. and Aggarwal, M. and Ravindran, S. and Pathan, B. M.},
TITLE = {TEC variations during low solar activity period (2005&ndash;2007) near the Equatorial Ionospheric Anomaly Crest region in India},
JOURNAL = {Annales Geophysicae},
VOLUME = {27},
YEAR = {2009},
NUMBER = {3},
PAGES = {1047--1057},
}


@article{Bhuyan2007830,
title = "\{TEC\} derived from \{GPS\} network in India and comparison with the \{IRI\} ",
journal = "Advances in Space Research ",
volume = "39",
number = "5",
pages = "830 - 840",
year = "2007",
note = "",
issn = "0273-1177",
author = "P.K. Bhuyan and Rashmi Rekha Borah",
}


@article{Bhuyan2006885,
title = "Effect of solar activity on diurnal and seasonal variations of electron temperature measured by the \{SROSS\} \{C2\} over Indian low latitudes ",
journal = "Advances in Space Research ",
volume = "37",
number = "5",
pages = "885 - 891",
year = "2006",
note = "<ce:title>Advances in Specifying Plasma Temperatures and Ion Composition in the Ionosphere</ce:title> ",
issn = "0273-1177",
author = "P.K. Bhuyan and Minakshi Chamua and P. Subrahmanyam and S.C. Garg",
}



@Article{angeo-23-3027-2005,
AUTHOR = {Blanch, E. and Altadill, D. and Bo\v{s}ka, J. and Bure\v{s}ov\'a, D. and Hern\'andez-Pajares, M.},
TITLE = {November 2003 event: effects on the Earth's ionosphere observed from ground-based ionosonde and GPS data},
JOURNAL = {Annales Geophysicae},
VOLUME = {23},
YEAR = {2005},
NUMBER = {9},
PAGES = {3027--3034},
}



@article{Walker198967,
title = "Spherical cap harmonic modelling of high latitude magnetic activity and equivalent sources with sparse observations ",
journal = "Journal of Atmospheric and Terrestrial Physics ",
volume = "51",
number = "2",
pages = "67 - 80",
year = "1989",
note = "",
issn = "0021-9169",
author = "John K. Walker"
}



@article{Unz1963281,
title = "The magneto-ionic theory for bound electrons ",
journal = "Journal of Atmospheric and Terrestrial Physics ",
volume = "25",
number = "5",
pages = "281 - 286",
year = "1963",
note = "",
issn = "0021-9169",
author = "H. Unz"
}



@article{Unnikrishnan20101080,
title = "A study on chaotic behaviour of equatorial/low latitude ionosphere over Indian subcontinent, using GPS-TEC time series ",
journal = "Journal of Atmospheric and Solar-Terrestrial Physics ",
volume = "72",
number = "14–15",
pages = "1080 - 1089",
year = "2010",
note = "",
issn = "1364-6826",
author = "K. Unnikrishnan and Sudha Ravindran",
}





@article{Afraimovich20011333,
title = "Ionospheric effects of the solar flares as deduced from global \{GPS\} network data ",
journal = "Advances in Space Research ",
volume = "27",
number = "6–7",
pages = "1333 - 1338",
year = "2001",
note = "",
issn = "0273-1177",
author = "E.L. Afraimovich and A.T. Altynsev and V.V. Grechnev and L.A. Leonovich"
}


@article{Devi2008753,
title = "Preliminary results of \{TEC\} measurements in Guwahati, India ",
journal = "Advances in Space Research ",
volume = "42",
number = "4",
pages = "753 - 756",
year = "2008",
note = "",
issn = "0273-1177",
author = "M. Devi and A.K. Barbara and A. Depueva and V. Depuev",
}



@article{Zou2011945,
title = "Ionospheric scintillations at Guilin detected by \{GPS\} ground-based and radio occultation observations ",
journal = "Advances in Space Research ",
volume = "47",
number = "6",
pages = "945 - 965",
year = "2011",
note = "",
issn = "0273-1177",
author = "Yuhua Zou",
}


@ARTICLE{4051437,
author={Smith, E.K. and Weintraub, S.},
journal={Proceedings of the IRE},
title={The Constants in the Equation for Atmospheric Refractive Index at Radio Frequencies},
year={1953},
volume={41},
number={8},
pages={1035-1037},
ISSN={0096-8390},}


@article {Seemala2008,
author = {Seemala, G. K. and Valladares, C. E.},
title = {Statistics of total electron content depletions observed over the South American continent for the year 2008},
journal = {Radio Science},
volume = {46},
number = {5},
issn = {1944-799X},
pages = {n/a--n/a},
year = {2011},
}


@article{Rishbeth19981385,
title = "How the thermospheric circulation affects the ionospheric F2-layer ",
journal = "Journal of Atmospheric and Solar-Terrestrial Physics ",
volume = "60",
number = "14",
pages = "1385 - 1402",
year = "1998",
note = "",
issn = "1364-6826",
author = "H. Rishbeth"
}


@Article{angeo-27-2101-2009,
AUTHOR = {Rama Rao, P. V. S. and Gopi Krishna, S. and Vara Prasad, J. and Prasad, S. N. V. S. and Prasad, D. S. V. V. D. and Niranjan, K.},
TITLE = {Geomagnetic storm effects on GPS based navigation},
JOURNAL = {Annales Geophysicae},
VOLUME = {27},
YEAR = {2009},
NUMBER = {5},
PAGES = {2101--2110},
}


@Article{angeo-24-2159-2006,
AUTHOR = {Rama Rao, P. V. S. and Niranjan, K. and Prasad, D. S. V. V. D. and Gopi Krishna, S. and Uma, G.},
TITLE = {On the validity of the ionospheric pierce point (IPP) altitude of 350 km in  the Indian equatorial and low-latitude sector},
JOURNAL = {Annales Geophysicae},
VOLUME = {24},
YEAR = {2006},
NUMBER = {8},
PAGES = {2159--2168},
}


@article {JGRA:JGRA20840,
author = {Potula, Brahmanandam Sree and Chu, Yen-Hsyang and Uma, G. and Hsia, His-Pu and Wu, Kong-Hong},
title = {A global comparative study on the ionospheric measurements between COSMIC radio occultation technique and IRI model},
journal = {Journal of Geophysical Research: Space Physics},
volume = {116},
number = {A2},
issn = {2156-2202},
pages = {n/a--n/a},
year = {2011},
}


@article {JGRB:JGRB10354,
author = {Niell, A. E.},
title = {Global mapping functions for the atmosphere delay at radio wavelengths},
journal = {Journal of Geophysical Research: Solid Earth},
volume = {101},
number = {B2},
issn = {2156-2202},
pages = {3227--3246},
year = {1996},
}



@article{McKinnell2007816,
title = "\{GPS\} \{TEC\} and ionosonde \{TEC\} over Grahamstown, South Africa: First comparisons ",
journal = "Advances in Space Research ",
volume = "39",
number = "5",
pages = "816 - 820",
year = "2007",
note = "",
issn = "0273-1177",
author = "Lee-Anne McKinnell and Ben Opperman and Pierre J. Cilliers",
}



@article{
year={2005},
issn={1080-5370},
journal={GPS Solutions},
volume={9},
number={1},
title={Ionospheric modeling using GPS data},
publisher={Springer-Verlag},
author={Liu, Zhizhao and Skone, Susan and Gao, Yang and Komjathy, Attila},
pages={63-66},
language={English}
}


@article{
year={2006},
issn={0949-7714},
journal={Journal of Geodesy},
volume={80},
number={8-11},
title={Total Electron Content Variations Observed by a DORIS Station During the 2004 Sumatra–Andaman Earthquake},
publisher={Springer-Verlag},
author={Li, F. and Parrot, M.},
pages={487-495},
language={English}
}



@article{AG3086,
author = {F. Li and M. Parrot},
title = {Study of the TEC data obtained from the DORIS stations in relation to seismic activity},
journal = {Annals of Geophysics},
volume = {50},
number = {1},
year = {2007},
issn = {2037-416X},
}


@article{
year={2008},
issn={1080-5370},
journal={GPS Solutions},
volume={12},
number={1},
title={UNB3m_pack: a neutral atmosphere delay package for radiometric space techniques},
publisher={Springer-Verlag},
author={Leandro, RodrigoF. and Langley, RichardB. and Santos, MarceloC.},
pages={65-70},
language={English}
}


@article{Jakowski2002729,
title = "GPS/GLONASS-based \{TEC\} measurements as a contributor for space weather forecast ",
journal = "Journal of Atmospheric and Solar-Terrestrial Physics ",
volume = "64",
number = "5–6",
pages = "729 - 735",
year = "2002",
note = "<ce:title>Space Storms and Space Weather</ce:title> ",
issn = "1364-6826",
author = "N. Jakowski and S. Heise and A. Wehrenpfennig and S. Schlüter and R. Reimer",
}


@article {JGRD:JGRD14002,
author = {Jade, Sridevi and Vijayan, M. S. M.},
title = {GPS-based atmospheric precipitable water vapor estimation using meteorological parameters interpolated from NCEP global reanalysis data},
journal = {Journal of Geophysical Research: Atmospheres},
volume = {113},
number = {D3},
issn = {2156-2202},
pages = {n/a--n/a},
year = {2008},
}


@article{
year={2011},
issn={0949-7714},
journal={Journal of Geodesy},
volume={85},
number={12},
title={The ionosphere: effects, GPS modeling and the benefits for space geodetic techniques},
publisher={Springer-Verlag},
author={Hernández-Pajares, Manuel and Juan, J.Miguel and Sanz, Jaume and Aragón-Àngel, Àngela and García-Rigo, Alberto and Salazar, Dagoberto and Escudero, Miquel},
pages={887-907},
language={English}
}



@article{
year={2009},
issn={0949-7714},
journal={Journal of Geodesy},
volume={83},
number={3-4},
title={The IGS VTEC maps: a reliable source of ionospheric information since 1998},
publisher={Springer-Verlag},
author={Hernández-Pajares, M. and Juan, J.M. and Sanz, J. and Orus, R. and Garcia-Rigo, A. and Feltens, J. and Komjathy, A. and Schaer, S.C. and Krankowski, A.},
pages={263-275},
language={English}
}


@article{Jakowski2002729,
title = "GPS/GLONASS-based \{TEC\} measurements as a contributor for space weather forecast ",
journal = "Journal of Atmospheric and Solar-Terrestrial Physics ",
volume = "64",
number = "5–6",
pages = "729 - 735",
year = "2002",
note = "<ce:title>Space Storms and Space Weather</ce:title> ",
issn = "1364-6826",
author = "N. Jakowski and S. Heise and A. Wehrenpfennig and S. Schlüter and R. Reimer",
}



@article{
year={2007},
issn={0253-4126},
journal={Journal of Earth System Science},
volume={116},
number={3},
title={Monitoring the three-dimensional ionospheric electron density distribution using GPS observations over China},
publisher={Springer-Verlag},
author={Wen, Debao and Yuan, Yunbin and Ou, Jikun},
pages={235-244},
language={English}
}


@article {RDS:RDS2570,
author = {Davis, J. L. and Herring, T. A. and Shapiro, I. I. and Rogers, A. E. E. and Elgered, G.},
title = {Geodesy by radio interferometry: Effects of atmospheric modeling errors on estimates of baseline length},
journal = {Radio Science},
volume = {20},
number = {6},
issn = {1944-799X},
pages = {1593--1607},
year = {1985},
}


@article {RDS:RDS2570,
author = {Davis, J. L. and Herring, T. A. and Shapiro, I. I. and Rogers, A. E. E. and Elgered, G.},
title = {Geodesy by radio interferometry: Effects of atmospheric modeling errors on estimates of baseline length},
journal = {Radio Science},
volume = {20},
number = {6},
issn = {1944-799X},
pages = {1593--1607},
year = {1985},
}



@Article{angeo-24-97-2006,
AUTHOR = {Dabas, R. S. and Das, R. M. and Vohra, V. K. and Devasia, C. V.},
TITLE = {Space weather impact on the equatorial and low latitude F-region ionosphere over India},
JOURNAL = {Annales Geophysicae},
VOLUME = {24},
YEAR = {2006},
NUMBER = {1},
PAGES = {97--105},
}


@article{Cherniak2012427,
title = "Plasmaspheric electron content derived from \{GPS\} \{TEC\} and FORMOSAT-3/COSMIC measurements: Solar minimum condition ",
journal = "Advances in Space Research ",
volume = "50",
number = "4",
pages = "427 - 440",
year = "2012",
note = "",
issn = "0273-1177",
author = "Iu.V. Cherniak and I.E. Zakharenkova and A. Krankowski and I.I. Shagimuratov",
}


@article {JGRD:JGRD2380,
author = {Bevis, Michael and Businger, Steven and Herring, Thomas A. and Rocken, Christian and Anthes, Richard A. and Ware, Randolph H.},
title = {GPS meteorology: Remote sensing of atmospheric water vapor using the global positioning system},
journal = {Journal of Geophysical Research: Atmospheres},
volume = {97},
number = {D14},
issn = {2156-2202},
pages = {15787--15801},
year = {1992},
}


@article {RDS:RDS2716,
author = {Askne, J. and Nordius, H.},
title = {Estimation of tropospheric delay for microwaves from surface weather data},
journal = {Radio Science},
volume = {22},
number = {3},
issn = {1944-799X},
pages = {379--386},
year = {1987},
}


@article{Aravindan1990743,
title = "Day-to-day variability in ionospheric electron content at low latitudes ",
journal = "Planetary and Space Science ",
volume = "38",
number = "6",
pages = "743 - 750",
year = "1990",
note = "",
issn = "0032-0633",
author = "P. Aravindan and K.N. Iyer"
}



@ARTICLE{1449076,
author={Calvert, W. and Warnock, J. M.},
journal={Proceedings of the IEEE},
title={Ionospheric irregularities observed by topside sounders},
year={1969},
volume={57},
number={6},
pages={1019-1025},
ISSN={0018-9219},}


@INPROCEEDINGS{5352649,
author={Didong, R.D. and Momani, M.A.},
booktitle={Space Science and Communication, 2009. IconSpace 2009. International Conference on},
title={The ionospheric response to the annular solar eclipse on 26th January 2009},
year={2009},
pages={147-152},
}




@article{AG3285,
author = {N. Jakowski and R. Leitinger and M. Angling},
title = {Radio occultation techniques for probing the ionosphere},
journal = {Annals of Geophysics},
volume = {47},
number = {2-3 Sup.},
year = {2004},
}



@ARTICLE{2010arXiv1010.1914J,
   author = {{Jin}, S.},
    title = "{A method to establish GPS grid ionospheric correction model}",
  journal = {ArXiv e-prints},
archivePrefix = "arXiv",
   eprint = {1010.1914},
 primaryClass = "physics.space-ph",
     year = 2010,
    month = oct,
  adsnote = {Provided by the SAO/NASA Astrophysics Data System}
}


@ARTICLE{4104345,
author={Klobuchar, J.A.},
journal={Aerospace and Electronic Systems, IEEE Transactions on},
title={Ionospheric Time-Delay Algorithm for Single-Frequency GPS Users},
year={1987},
volume={AES-23},
number={3},
pages={325-331},
ISSN={0018-9}
}


@INPROCEEDINGS{4418803,
author={Kos, T. and Filjar, R. and Markezic, I.},
booktitle={ELMAR, 2007},
title={Theoretical model of space weather impact on GPS ionospheric delay},
year={2007},
pages={75-78},
ISSN={1334-2630},
}


@article{1742-6596-208-1-012062,
  author={Sanjay Kumar and A K Singh},
  title={The effect of geomagnetic storm on GPS derived total electron content (TEC) at Varanasi, India},
  journal={Journal of Physics: Conference Series},
  volume={208},
  number={1},
  pages={012062},
  year={2010},
  }



@misc{
author={Skone,Susan H.},
year={1999},
title={Wide area ionosphere grid modelling in the auroral region},
journal={ProQuest Dissertations and Theses},
pages={198-198 p.},
note={Copyright - Copyright UMI - Dissertations Publishing 1999; Last updated - 2010-08-29; First page - n/a; M3: Ph.D.},
isbn={9780612385078; 0612385078},
language={English},
}



@book{stewart1997reduction,
  title={The Reduction of Differential Ionospheric Delay for GPS Carrier Phase Ambiguity Resolution},
  author={Stewart, P.J. and University of New Brunswick. Department of Geodesy and Geomatics Engineering},
  series={Technical report (University of New Brunswick. Dept. of Geodesy and Geomatics Engineering)},
  year={1997},
  publisher={Thesis (M.Sc.E)--University of New Brunswick}
}



@ARTICLE{2006JApA...27..255U,
   author = {{Uddin}, W. and {Chandra}, R. and {Ali}, S.~S.},
    title = "{Extremely Energetic 4B/X17.2 Flare and Associated Phenomena}",
  journal = {Journal of Astrophysics and Astronomy},
     year = 2006,
    month = sep,
   volume = 27,
    pages = {255},
  adsnote = {Provided by the SAO/NASA Astrophysics Data System}
}


@INPROCEEDINGS{4897385,
author={Ya'acob, N. and Abdullah, M. and Ismail, M. and Bahari, S.A. and Ismail, M.K.},
booktitle={RF and Microwave Conference, 2008. RFM 2008. IEEE International},
title={Ionospheric mapping function for total electron content (TEC) using global positioning system (GPS) data in Malaysia},
year={2008},
pages={386-390},


Mannucci, Anthony J., Wilson, Brian D., Edwards, Charles D., "A New Method for Monitoring the Earth's Ionospheric Total Electron Content Using the GPS Global Network," Proceedings of the 6th International Technical Meeting of the Satellite Division of The Institute of Navigation (ION GPS 1993), Salt Lake City, UT, September 1993, pp. 1323-1332. 



















































