

@article{Vyas2012,
title = "{The solar eclipse and its associated ionospheric TEC variations over Indian stations on January 15, 2010} ",
journal = "{Advances in Space Research}",
volume = "49",
number = "3",
pages = {546--555},
year = "2012",
issn = "0273-1177",
author = "Vyas, B. M. and Sunda, S.",
}

@article {Cheng1992,
author = {Cheng, Kang and Huang, Yinn -Nien and Chen, Sen -Wen},
title = {{Ionospheric effects of the solar eclipse of September 23, 1987, around the equatorial anomaly crest region}},
journal = {Journal of Geophysical Research: Space Physics},
volume = {97},
number = {A1},
issn = {2156-2202},
pages = {103--111},
year = {1992},
}

@article{Skinner1969,
title = "{A new analysis of eclipse effects in the equatorial F-region}",
journal = "Journal of Atmospheric and Terrestrial Physics ",
volume = "31",
number = "11",
pages = "1333 - 1344",
year = "1969",
note = "",
issn = "0021-9169",
author = "N. J. Skinner"
}

@article{Subrahamanyam2011,
year={2011},
issn={0006-8314},
journal={Boundary-Layer Meteorology},
volume={141},
number={2},
title="{Atmospheric Surface-Layer Response to the Annular Solar Eclipse of 15 January 2010 over Thiruvananthapuram, India}",
author={Bala~Subrahamanyam, D. and Anurose, T. J. and Mohan, M. and Santosh, M. and Kiran Kumar, N. V. P. and Sijikumar, S. and Prijith, S. S. and Aloysius, M.},
pages={325-332},
language={English}
}


@Article{paul2011,
AUTHOR = {Paul, A. and Das, T. and Ray, S. and Das, A. and Bhowmick, D. and DasGupta, A.},
TITLE = "{Response of the equatorial ionosphere to the total solar eclipse of 22 July 2009 and annular eclipse of 15 January 2010 as observed from a network of stations situated in the Indian longitude sector}",
JOURNAL = {Annales Geophysicae},
VOLUME = {29},
YEAR = {2011},
NUMBER = {10},
PAGES = {1955--1965},
}



@article{Bhaskar2011223,
title = "{A study of secondary cosmic ray flux variation during the annular eclipse of 15 January 2010 at Rameswaram, India}",
journal = "Astroparticle Physics ",
volume = "35",
number = "5",
pages = "223 - 229",
year = "2011",
note = "",
issn = "0927-6505",
author = "Ankush Bhaskar and Avadhut Purohit and M. Hemalatha and Chintamani Pai and Anil Raghav and Chetan Gurada and S. Radha and Virendra Yadav and Vishal Desai and Abhishek Chitnis and Padmanabh Sarpotdar and Anirudha Patankar",
}

@PhdThesis{Schaer1999,
title = "{Mapping and predicting the Earth's ionosphere using the Global Positioning System}",
author = {Schaer, S.},
school = {Astronomical Institute, University of Berne, Berne, Switzerland},
month = {March},
year = {1999}
}


@book{espenak2006five,
  title="{Five Year Millennium Canon of Solar Eclipses: -1999 to +3000 (2000 BCE to 3000 CE)}",
  author={Espenak, F. and Meeus, J. and Goddard Space Flight Center and United States. National Aeronautics and Space Administration},
  series={NASA technical paper},
   year={2006},
  publisher={NASA Goddard Space Flight Center}
}

@ARTICLE{Klobuchar1991,
   author = {{Klobuchar}, J. A.},
    title = "{Ionospheric Effects on GPS}",
  journal = {Early Innovation columns,GPS World},
     year = 1991
}

@ARTICLE{Jakowski2008,
   author = {{Jakowski}, N. and {Stankov}, S.~M. and {Wilken}, V. and {Borries}, C. and 
	{Altadill}, D. and {Chum}, J. and {Buresova}, D. and {Boska}, J. and 
	{Sauli}, P. and {Hruska}, F. and {Cander}, L.~R.},
    title = "{Ionospheric behavior over Europe during the solar eclipse of 3 October 2005}",
  journal = {Journal of Atmospheric and Solar-Terrestrial Physics},
 keywords = {Ionosphere, Solar eclipse, Vertical sounding, GPS sounding, Gravity waves},
     year = 2008,
    month = apr,
   volume = 70,
   number = "6",
    pages = {836-853},
   }



@Article{Le2008,
AUTHOR = {Le, H. and Liu, L. and Yue, X. and Wan, W.},
TITLE = "{The ionospheric responses to the 11 August 1999 solar eclipse: observations and modeling}",
JOURNAL = {Annales Geophysicae},
VOLUME = {26},
YEAR = {2008},
NUMBER = {1},
PAGES = {107--116},
}


@ARTICLE{Hernandez2006,
   author = {{Hern{\'a}ndez-Pajares}, M. and {Juan}, J.~M. and {Sanz}, J.
	},
    title = "{Medium-scale traveling ionospheric disturbances affecting GPS measurements: Spatial and temporal analysis}",
  journal = {Journal of Geophysical Research (Space Physics)},
     year = 2006,
    month = Jul,
   volume = 111,
      eid = {A07S11},
      issn = {2156-2202},
}


@article {Evans1965,
author = {Evans, J. V.},
title = "{An F region eclipse}",
journal = {Journal of Geophysical Research},
volume = {70},
number = {1},
issn = {2156-2202},
pages = {131--142},
year = {1965},
}




@ARTICLE{Farges2001,
   author = {{Farges}, T. and {Jodogne}, J.~C. and {Bamford}, R. and {Le Roux}, Y. and 
	{Gauthier}, F. and {Vila}, P.~M. and {Altadill}, D. and {Sole}, J.~G. and 
	{Miro}, G.},
    title = "{Disturbances of the western European ionosphere during the total solar eclipse of 11 August 1999 measured by a wide ionosonde and radar network}",
  journal = {Journal of Atmospheric and Solar-Terrestrial Physics},
     year = 2001,
    month = jan,
   volume = 63,
    pages = {915-924},
  adsnote = {Provided by the SAO/NASA Astrophysics Data System}
}







@article{Baran2003989,
title = "{The response of the ionospheric total electron content to the solar eclipse on August 11, 1999 }",
journal = "{Advances in Space Research} ",
volume = "31",
number = "4",
pages = "989 - 994",
year = "2003",
note = "",
issn = "0273-1177",
author = {{Baran}, L. W. and {Ephishov}, I. I. and {Shagimuratov}, I. I. and {Ivanov} V. P. and {Lagovsky}, A.F.}
}




@article {Seemala2011,
author = {Seemala, G. K. and Valladares, C. E.},
title = {Statistics of total electron content depletions observed over the South American continent for the year 2008},
journal = {Radio Science},
volume = {46},
number = {5},
issn = {1944-799X},
year = {2011},
month = oct,
eid = {RS5019},
pages = {5019},
}

@Article{Sridharan2002,
AUTHOR = {Sridharan, R. and Devasia, C. V. and Jyoti, N. and Tiwari, Diwakar and Viswanathan, K. S. and Subbarao, K. S. V.},
TITLE = "{Effects of solar eclipse on the electrodynamical processes of the equatorial ionosphere: a case study during 11 August 1999 dusk time total solar eclipse over India}",
JOURNAL = {Annales Geophysicae},
VOLUME = {20},
YEAR = {2002},
NUMBER = {12},
PAGES = {1977--1985},
}
@article{Sharma20101387,
title = "{Total solar eclipse of July 22, 2009: Its impact on the total electron content and ionospheric electron density in the Indian zone}",
journal = "Journal of Atmospheric and Solar-Terrestrial Physics ",
volume = "72",
number = "18",
pages = {1387--1392},
year = "2010",
issn = "1364-6826",
author = "Sharma, S. and Dashora, N. and Galav, P. and Pandey, R. ",
}


@Article{Cohen1984,
author = {Cohen, Elizabeth A.},
title = "{The study of the effect of solar eclipses on the ionosphere based on satellite beacon observations}",
journal = {Radio Science},
volume = {19},
number = {3},
issn = {1944-799X},
pages = {769--777},
year = {1984},
}

@Article{Nayak2012,
AUTHOR = {Nayak, C. K. and Tiwari, D. and Emperumal, K. and Bhattacharyya, A.},
TITLE = "{The equatorial ionospheric response over Tirunelveli to the 15 January 2010 annular solar eclipse: observations}",
JOURNAL = {Annales Geophysicae},
VOLUME = {30},
YEAR = {2012},
NUMBER = {9},
PAGES = {1371--1377},
}

@article{Uma201294,
title = "{Ionospheric responses to two large geomagnetic storms over Japanese and Indian longitude sectors}",
journal = "Journal of Atmospheric and Solar-Terrestrial Physics ",
volume = "74",
number = "0",
pages = "94 - 110",
year = "2012",
note = "",
issn = "1364-6826",
author = "G. Uma and P.S. Brahmanandam and Yoshihiro Kakinami and A. Dmitriev and N.S.M.P. Latha Devi and K. Uday Kiran and D.S.V.V.D. Prasad and P.V.S. Rama Rao and K Niranjan and Ch. Seshu Babu and Y.H. Chu",
}

@article{Stolle2008,
author = {Stolle, C. and Manoj, C. and L\"{u}hr, H. and Maus, S. and Alken, P.},
issn = {0148-0227},
journal = {Journal of Geophysical Research},
month = sep,
number = {A9},
pages = {A09310},
title = {{Estimating the daytime Equatorial Ionization Anomaly strength from electric field proxies}},
volume = {113},
year = {2008}
}

@article{Manoj2006,
author = {Manoj, C. and L\"{u}hr, H. and Maus, S. and Nagarajan, N.},
issn = {0148-0227},
journal = {Journal of Geophysical Research},
month = nov,
number = {},
pages = {A11312},
title = {{Evidence for short spatial correlation lengths of the noontime equatorial electrojet inferred from a comparison of satellite and ground magnetic data}},
volume = {111},
year = {2006}
}


@article {RastogiandKlobuchar,
author = {Rastogi, R. G. and Klobuchar, J. A.},
title = "{Ionospheric electron content within the equatorial F2 layer anomaly belt}",
journal = {Journal of Geophysical Research: Space Physics},
volume = {95},
number = {A11},
issn = {2156-2202},
pages = {19045--19052},
year = {1990},
}

@article{Jose2011,
author = {Jose, L. and Ravindran, S. and Vineeth, C. and Pant, T. K. and Alex, S.},
issn = {1432-0576},
journal = {Annales Geophysicae},
month = jul,
number = {7},
pages = {1267--1275},
title = {{Investigation of the response time of the equatorial ionosphere in context of the equatorial electrojet and equatorial ionization anomaly}},
volume = {29},
year = {2011}
}

@article{Sripathi2012,
author = {Sripathi, S. and Bhattacharyya, A.},
issn = {0148-0227},
journal = {Journal of Geophysical Research},
month = may,
number = {A5},
pages = {A05305},
title = {{Quiet time variability of the GPS TEC and EEJ strength over Indian region associated with major sudden stratospheric warming events during 2005/2006}},
volume = {117},
year = {2012}
}

@Article{RamaRao2006,
AUTHOR = {Rama Rao, P. V. S. and Gopi Krishna, S. and Niranjan, K. and Prasad, D. S. V. V. D.},
TITLE = "{Temporal and spatial variations in TEC using simultaneous measurements from  the Indian GPS network of receivers during the low solar activity period of 2004-2005}",
JOURNAL = {Annales Geophysicae},
VOLUME = {24},
YEAR = {2006},
NUMBER = {12},
PAGES = {3279--3292},
}


@Article{Chakraborty2009,
AUTHOR = {Chakraborty, S. K. and Hajra, R.},
TITLE = {{Electrojet control of ambient ionization near the crest of the equatorial anomaly in the Indian zone}},
JOURNAL = {Annales Geophysicae},
VOLUME = {27},
YEAR = {2009},
NUMBER = {1},
PAGES = {93--105},
DOI = {10.5194/angeo-27-93-2009}
}


@ARTICLE{2001Alex,
   author = {{Alex}, S. and {Mukherjee}, S.},
    title = "{Local time dependence of the equatorial counter electrojet effect in a narrow longitudinal belt}",
  journal = {Earth, Planets, and Space},
     year = 2001,
    month = dec,
   volume = 53,
    pages = {1151-1161},
}

@article{Vineeth2012,
author = {Vineeth, C. and Pant, T.K. and Kumar, K.K. and Jose, Lijo and Sumod, S.G. and Alex, S.},
issn = {13646826},
journal = {Journal of Atmospheric and Solar-Terrestrial Physics},
month = feb,
pages = {115--121},
title = {{Counter equatorial electrojet: Analysis of the variability in daytime mesopause temperature and winds}},
volume = {75-76},
year = {2012}
}

@article{Bhargava1983,
year={1983},
issn={0253-4126},
journal={Proceedings of the Indian Academy of Sciences - Section A. Part 2, Earth and Planetary Sciences},
volume={92},
number={1},
title="{Indices of equatorial electrojet and counter-electrojet in the Indian region: Evolution of the indices and their authenticity}",
publisher={Springer India},
author={Bhargava, B. N. and Arora, B. R. and Sastri, N. S.},
pages={45-55},
language={English}
}



@article{Sanjaykumar2012,
title = "{Changes in total electron content (TEC) during the annular solar eclipse of 15 January 2010} ",
journal = "{Advances in Space Research} ",
volume = "49",
number = "1",
pages = "75 - 82",
year = "2012",
month = jan,
note = "",
issn = "0273-1177",
author = "Kumar, S. and Singh, A. K.",
}



@PhdThesis{KomjathyThesis,
title = "{Global Ionospheric Total Electron Content Mapping Using the Global Positioning System}",
author = {Komjathy, A.},
school = {Dept. of Geodesy and Geomatics Engineering, University of New Brunswick},
month = {September},
year = {1997}
}

@book{rishbeth1969introduction,
  title="{Introduction to ionospheric physics}",
  author={Rishbeth, H. and Garriott, O.K.},
  lccn={lc69012280},
  series={International geophysics series},
  year={1969},
  publisher={Academic Press}
}


@article{Rishbeth1968,
year={1968},
issn={0038-6308},
journal={Space Science Reviews},
volume={8},
number={4},
title="{Solar eclipses and ionospheric theory}",
publisher={Kluwer Academic Publishers},
author={Rishbeth, H.},
pages={543-554},
language={English}
}

@article{Skinner1967287,
title = "{Eclipse effects in the equatorial F-region}",
journal = "Journal of Atmospheric and Terrestrial Physics ",
volume = "29",
number = "3",
pages = "287 - 295",
year = "1967",
note = "",
issn = "0021-9169",
author = "N. J. Skinner"
}

@article{Bamford2001373,
title = "{The effect of the 1999 total solar eclipse on the ionosphere}",
journal = "Physics and Chemistry of the Earth, Part C: Solar, Terrestrial \& Planetary Science ",
volume = "26",
number = "5",
pages = "373 - 377",
year = "2001",
note = "",
issn = "1464-1917",
author = "R. A. Bamford"
}


@article{Afraimovich2000,
author = {Afraimovich, E.L. and Palamartchouk, K.S. and Perevalova, N.P. and Chernukhov, V.V. and a.V. Lukhnev and Zalutsky, V.T.},
issn = {02731177},
journal = {Advances in Space Research},
month = jan,
number = {6},
pages = {997--1000},
title = {{Ionospheric effects of the solar eclipse of March 9, 1997, as deduced from data from the GPS-radio interferometer at Irkutsk}},
volume = {26},
year = {2000}
}


@article{Afraimovich2001,
author = {Afraimovich, E.L. and Kosogorov, E.a. and Lesyuta, O.S.},
issn = {02731177},
journal = {Advances in Space Research},
month = jan,
number = {6-7},
pages = {1351--1354},
title = {{Ionospheric effects of the August 11, 1999 total solar eclipse as deduced from European GPS network data}},
volume = {27},
year = {2001}
}


@article{Chandra2007,
author = {Chandra, H and Sharma, Som and Lele, P D and Rajaram, G and Hanchinal, Arun},
number = {August 1999},
pages = {59--64},
journal = {Earth Planets Space},
title = {{Ionospheric measurements during the total solar eclipse of 11 August 1999}},
volume = {1980},
year = {2007}
}

@article{Chandra1971,
title = "{Equatorial ionospheric drift and the electrojet}",
journal = "Planetary and Space Science ",
volume = "19",
number = "11",
pages = "1497 - 1503",
year = "1971",
note = "",
issn = "0032-0633",
author = "H. Chandra and R.K. Misra and R.G. Rastogi"
}


@article{Sharma2010,
author = {Sharma, Shweta and Dashora, N. and Galav, P. and Pandey, R.},
file = {:H$\backslash$:/eclipse\_pdf/July22,2009.pdf:pdf},
issn = {13646826},
journal = {Journal of Atmospheric and Solar-Terrestrial Physics},
month = dec,
number = {18},
pages = {1387--1392},
publisher = {Elsevier},
title = {{Total solar eclipse of July 22, 2009: Its impact on the total electron content and ionospheric electron density in the Indian zone}},
volume = {72},
year = {2010}
}



@article {Ding2010,
author = {Ding, Feng and Wan, Weixing and Ning, Baiqi and Liu, Libo and Le, Huijun and Xu, Guirong and Wang, Min and Li, Guozhu and Chen, Yiding and Ren, Zhipeng and Xiong, Bo and Hu, Lianhuan and Yue, Xinan and Zhao, Biqiang and Li, Fengqin and Yang, Min},
title = "{GPS TEC response to the 22 July 2009 total solar eclipse in East Asia}",
journal = {Journal of Geophysical Research: Space Physics},
volume = {115},
number = {A7},
issn = {2156-2202},
pages = {},
keywords = {TEC, solar eclipse},
year = {2010},
}


@article{Salah1986,
author = {Salah, J. E. and Oliver, W. L. and Foster, J. C. and Holt, J. M. and Emery, B. a. and Roble, R. G.},
issn = {0148-0227},
journal = {Journal of Geophysical Research},
number = {A2},
pages = {1651--1660},
title = {{Observations of the May 30, 1984, annular solar eclipse at Millstone Hill}},
volume = {91},
year = {1986}
}



@article{Momani2010,
author = {Momani, Mohammad Awad and Yatim, Baharudin and {Mohd Ali}, Mohamad Alauddin},
issn = {0148-0227},
journal = {Journal of Geophysical Research},
month = aug,
number = {A8},
pages = {A08321},
title = {{Ionospheric and geomagnetic response to the total solar eclipse on 1 August 2008 over Northern Hemisphere}},
volume = {115},
year = {2010},
}

@article{Momani2011,
author = {Momani, M. A. and Sulaiman, S.},
issn = {2231-8844},
journal = {Journal of Advanced Science and Engineering Research},
month = {Dec},
number = {2011},
pages = {238 - 245},
title = "{Ionospheric Response to The Annular Solar Eclipse on 15th January 2010 As Observed by Ionosonde Receivers}",
volume = {1},
year = {2011},
}


@article{Tomas2008,
title = "{What are the influences of solar eclipses on the equatorial electrojet?}",
journal = "Journal of Atmospheric and Solar-Terrestrial Physics ",
volume = "70",
number = "11–12",
pages = {1497--1511},
year = "2008",
note = "",
issn = "1364-6826",
author = {Tom\'{a}s, A. T. and L\"{u}hr, H. and Rother, M. and Manoj, C. and Olsen, N. and Watari, S.},
}

@article{Tomas2007,
  title="{Observations of the low-latitude solar eclipse on 8 April 2005 by CHAMP}",
  author={Tom\'{a}s, A. T. and L\"{u}hr, H. and F\"{o}rster, M. and Rentz, S. and Rother, M.},
  journal={Journal of geophysical research},
  volume={112},
  number={A6},
  pages={A06303},
  year={2007},
  issn = {2156-2202},
  publisher={American Geophysical Union}
}


@article {JGRA:JGRA18719,
author = {Tomás, A. T. and Lühr, H. and Förster, M. and Rentz, S. and Rother, M.},
title = {Observations of the low-latitude solar eclipse on 8 April 2005 by CHAMP},
journal = {Journal of Geophysical Research: Space Physics},
volume = {112},
number = {A6},
issn = {2156-2202},
pages = {},
year = {2007},
}


@article{Korenkov2003,
author = {Korenkov, Yu.N. and Klimenko, V.V. and Bessarab, F.S. and Nutsvalyan, N.S. and Stanislawska, I.},
issn = {02731177},
journal = {Advances in Space Research},
month = jan,
number = {4},
pages = {995--1000},
title = {{Model/data comparison of the F2-region parameters for the 11 August 1999 solar eclipse}},
volume = {31},
year = {2003}
}



@article {Adeniyi2007,
author = {Adeniyi, J. O. and Radicella, S. M. and Adimula, I. A. and Willoughby, A. A. and Oladipo, O. A. and Olawepo, O.},
title = "{Signature of the 29 March 2006 eclipse on the ionosphere over an equatorial station},
journal = {Journal of Geophysical Research: Space Physics}",
volume = {112},
number = {A6},
issn = {2156-2202},
pages = {A06314},
year = {2007},
}



@article{Le2008b,
author = {Le, Huijun and Liu, Libo and Yue, Xinan and Wan, Weixing},
issn = {0148-0227},
journal = {Journal of Geophysical Research},
month = aug,
number = {A8},
pages = {A08309},
title = {{The midlatitude F2 layer during solar eclipses: Observations and modeling}},
volume = {113},
year = {2008}
}


@article{Tsai1999,
author = {Tsai, H. F. and Liu, J. Y.},
issn = {0148-0227},
journal = {Journal of Geophysical Research},
number = {A6},
pages = {12657},
title = {{Ionospheric total electron content response to solar eclipses}},
volume = {104},
year = {1999}
}



@article{Skinner19691333,
title = "{A new analysis of eclipse effects in the equatorial F-region}",
journal = "Journal of Atmospheric and Terrestrial Physics ",
volume = "31",
number = "11",
pages = "1333 - 1344",
year = "1969",
note = "",
issn = "0021-9169",
author = "N. J. Skinner"
}


@article {Klobuchar1965,
author = {Klobuchar, J. A. and Whitney, H. E.},
title = "{Ionospheric electron content measurements during a solar eclipse}",
journal = {Journal of Geophysical Research},
volume = {70},
number = {5},
issn = {2156-2202},
pages = {1254--1257},
year = {1965},
}




@article{MadhavHaridas2012,
author = {{Madhav Haridas}, M. K. and Manju, G.},
issn = {0148-0227},
journal = {Journal of Geophysical Research},
number = {A1},
pages = {A01302},
title = {{On the response of the ionospheric F region over Indian low-latitude station Gadanki to the annular solar eclipse of 15 January 2010}},
volume = {117},
year = {2012}
}


@article{Pal2012,
author = {Pal, Sujay and Chakrabarti, Sandip K. and Mondal, Sushanta K.},
issn = {02731177},
journal = {Advances in Space Research},
month = jul,
number = {2},
pages = {196--204},
publisher = {COSPAR},
title = {{Modeling of sub-ionospheric VLF signal perturbations associated with total solar eclipse, 2009 in Indian subcontinent}},
volume = {50},
year = {2012}
}

@article{Subrahmanyam2013,
  title="{Delayed effects of annular solar eclipse of 15 January 2010 on the tropospheric and lower stratospheric winds along the eclipse path}",
  author={Subrahmanyam, K. V. and Kumar, K. K. and Ramkumar, G.},
  journal={Atmospheric Research},
  volume={122},
  pages={1--7},
  year={2013},
  publisher={Elsevier}
}



@article {Manju2014,
author = {Manju, G. and Madhav Haridas, M. K. and Ramkumar, G. and Pant, Tarun K. and Sridharan, R. and Sreelatha, P.},
title = "{Gravity wave signatures in the dip equatorial ionosphere-thermosphere system during the annular solar eclipse of 15 January 2010}",
journal = {Journal of Geophysical Research: Space Physics},
volume = {119},
number = {6},
issn = {2169-9402},
pages = {4929--4937},
year = {2014},
}

@article{Manju2012,
author = {Manju, G. and Sridharan, R. and Ravindran, Sudha and {Madhav Haridas}, M.K. and Pant, Tarun K. and Sreelatha, P. and {Mohan Kumar}, S.V.},
issn = {13646826},
journal = {Journal of Atmospheric and Solar-Terrestrial Physics},
pages = {56--64},
title = "{Rocket borne in-situ Electron density and Neutral Wind measurements in the equatorial ionosphere-Results from the January 2010 annular solar eclipse campaign from India}",
volume = {86},
year = {2012}
}



@article{Lin2012,
author = {Lin, C. -Y. and Liu, J. -Y. and Lin, C. -H. and Sun, Y. -Y. and Araujo-pradere, E. A. and Kakinami, Y.},
issn = {13438832},
journal = {Earth, Planets and Space},
month = jul,
number = {6},
pages = {513--520},
title = "{Using the IRI, the MAGIC model, and the co-located ground-based GPS receivers to study ionospheric solar eclipse and storm signatures on July 22, 2009}",
volume = {64},
year = {2012}
}


@article {Le2010,
author = {Le, Huijun and Liu, Libo and Ding, Feng and Ren, Zhipeng and Chen, Yiding and Wan, Weixing and Ning, Baiqi and Xu, Guirong and Wang, Min and Li, Guozhu and Xiong, Bo and Hu, Lianhuan},
title = "{Observations and modeling of the ionospheric behaviors over the east Asia zone during the 22 July 2009 solar eclipse}",
journal = {Journal of Geophysical Research: Space Physics},
volume = {115},
number = {A10313},
issn = {2156-2202},
pages = {1--7},
year = {2010},
}


@article {St.-Maurice2011,
author = {St.-Maurice, J. -P. and Ambili, K. M. and Choudhary, R. K.},
title = "{Local electrodynamics of a solar eclipse at the magnetic equator in the early afternoon hours}",
journal = {Geophysical Research Letters},
volume = {38},
number = {L04102},
issn = {1944-8007},
year = {2011},
}


@article {Choudhary2011,
author = {Choudhary, R. K. and St.-Maurice, J. -P. and Ambili, K. M. and Sunda, Surendra and Pathan, B. M.},
title = "{The impact of the January 15, 2010, annular solar eclipse on the equatorial and low latitude ionospheric densities}",
journal = {Journal of Geophysical Research: Space Physics},
volume = {116},
number = {A9},
page = {A09309},
issn = {2156-2202},
year = {2011},
}



@article {Galav2010,
author = {Galav, P. and Sharma, S. and Pandey, R.},
title = "{Total electron content in peninsular India during the eclipse of 15 January 2010}",
journal = {Current Science},
volume = {99},
number = {6},
pages = {731--732},
year = {2010},
}


@Article{SanjayKumar2013,
AUTHOR = {Kumar, S. and Singh, A. K. and Singh, R. P.},
TITLE = "{Ionospheric response to total solar eclipse of 22 July 2009 in different Indian regions}",
JOURNAL = {Annales Geophysicae},
VOLUME = {31},
YEAR = {2013},
NUMBER = {9},
PAGES = {1549--1558},
}


@article{Bamford2001,
author = {Bamford, R.a.},
issn = {14641917},
journal = {Physics and Chemistry of the Earth, Part C: Solar, Terrestrial \& Planetary Science},
month = jan,
number = {5},
pages = {373--377},
title = {{The effect of the 1999 total solar eclipse on the ionosphere}},
volume = {26},
year = {2001}
}


@article{Szendrei1956,
title = "{Recombination and attachment in the F1 and F2 layers during the solar eclipse of 25 December 1954}",
journal = "Journal of Atmospheric and Terrestrial Physics ",
volume = "9",
number = "2–3",
pages = "118 - 130",
year = "1956",
note = "",
issn = "0021-9169",
author = "Szendrei, M. E. and McElhinny, M. W."
}

@article{Abidin2006,
author = {Rashid, Z. A. and Momani, M. A. and Sulaiman, S. and Ali, M. A. M. and Yatim, B. and Fraser, G. and Sato, N.},
issn = {13646826},
journal = {Journal of Atmospheric and Solar-Terrestrial Physics},
month = jul,
number = {11},
pages = {1219--1236},
title = {{GPS ionospheric TEC measurement during the 23rd November 2003 total solar eclipse at Scott Base Antarctica}},
volume = {68},
year = {2006}
}


@article{chapman1951,
year={1951},
issn={0066-6416},
journal={Archiv für Meteorologie, Geophysik und Bioklimatologie, Serie A},
volume={4},
number={1},
doi={10.1007/BF02246814},
title={{The equatorial electrojet as detected from the abnormal electric current distribution above Huancayo, Peru, and elsewhere}},
publisher={Springer-Verlag},
author={Chapman, S.},
pages={368-390},
}


@ARTICLE{Appleton1946,
   author = {{Appleton}, E.~V.},
    title = "{Two Anomalies in the Ionosphere}",
  journal = {Nature},
     year = 1946,
   volume = 157,
    pages = {691},
}



@ARTICLE{Deshpande1977,
   author = {{Deshpande}, M.~R. and {Rastogi}, R.~G. and {Vats}, H.~O. and 
	{Sethia}, G. and {Klobuchar}, J.~A. and {Jain}, A.~R. and {Subbarao}, B.~S. and 
	{Patwari}, V.~M. and {Janve}, A.~V. and {Rai}, R.~K.},
    title = "{Effect of electrojet on the total electron content of the ionosphere over the Indian subcontinent}",
  journal = {Nature},
     year = 1977,
    month = jun,
   volume = 267,
    pages = {599},
}


@ARTICLE{Mitra1946,
   author = {{Mitra}, S.~K.},
    title = "{Geomagnetic Control of Region F$_{2}$ of the Ionosphere}",
  journal = {Nature},
     year = 1946,
    month = nov,
   volume = 158,
    pages = {668-669},
}



@ARTICLE{Martyn1947,
   author = {{Martyn}, D.~F.},
    title = "{Atmospheric Tides in the Ionosphere. I. Solar Tides in the F$_{2}$ Region}",
  journal = {Royal Society of London Proceedings Series A},
     year = 1947,
    month = apr,
   volume = 189,
    pages = {241-260},
}


@ARTICLE{Hargreaves1995,
   author = {{Hargreaves}, J.~K.},
    title = "{The solar-terrestrial environment. An introduction to geospace - the science of the terrestrial upper atmosphere, ionosphere and magnetosphere.}",
  journal = {Camb.~Atmos.~Space Sci.~Ser., Vol.~5,},
 keywords = {Solar-Terrestrial Relations},
     year = 1995,
   volume = 5,
 }


@article{Gouin1967,
author = {Gouin, P. and Mayaud, P. N. },
issn = {14641917},
journal = {Ann. Geophys.},
number = {},
pages = {41--47},
title = {{A propos de l'existence possible d'un contre electrojet aux latitudes magnetiques equatoriales}},
volume = 23,
year =1967,
}

@article{SavitzkyGolay1964,
author = {Savitzky, A. and Golay, M. J. E.},
title = {Smoothing and Differentiation of Data by Simplified Least Squares Procedures.},
journal = {Analytical Chemistry},
volume = {36},
number = {8},
pages = {1627-1639},
year = {1964},
}

@article{Sauli2007,
title = "{Acoustic–gravity waves during solar eclipses: Detection and characterization using wavelet transforms}",
journal = "{Journal of Atmospheric and Solar-Terrestrial Physics}",
volume = "69",
number = "17–18",
pages = "2465 - 2484",
year = "2007",
issn = "1364-6826",
author = "P. Šauli and S.G. Roux and P. Abry and J. Boška",
}

@article{Goodwin1978,
title = "{Atmospheric gravity waves generated during a solar eclipse}",
journal = "{Nature}",
volume = "275",
pages = "109–111",
year = "1978",
author = "Goodwin, G. L. and Hobson, G. J.",
}

@article{Walker1991,
title = "{Ionospheric and geomagnetic effects of the solar eclipse of 18 March 1988 in East Asia }",
journal = "Journal of Atmospheric and Terrestrial Physics ",
volume = "53",
number = "1–2",
pages = {25--37},
year = "1991",
issn = "0021-9169",
author = "Walker, G. O. and Li, T. Y. Y. and Wong, Y. W. and Kikuchi, T. and Huang, Y. N. "
}

@article {Chimonas1970,
author = {Chimonas, G. and Hines, C. O.},
title = {Atmospheric gravity waves induced by a solar eclipse},
journal = {Journal of Geophysical Research},
volume = {75},
number = {4},
issn = {2156-2202},
pages = {875--875},
year = {1970},
}

@article{Dutta2011,
title = "{Response of tropical lower atmosphere to annular solar eclipse of 15 January, 2010}",
journal = "Journal of Atmospheric and Solar-Terrestrial Physics ",
volume = "73",
number = "13",
pages = "1907 - 1914",
year = "2011",
note = "",
issn = "1364-6826",
author = "Dutta, G. and P. Vinay Kumar and M. Venkat Ratnam and S. Mohammad and M. C. Ajay Kumar and P. V. Rao and K. Rahaman and H. A. Basha",
}



@techreport{eclipsepathEspenak,
title = {{Annular and total solar eclipses of 2010}},
author = {Espenak, F. and J. Anderson},
year = {2008},
number = "{NASA TP-2008-214171}",
institution = {Goddard Space Flight Center, Greenbelt, MD},
pages = "1 - 90",     
}

@article {Sumod2011,
author = {Sumod, S. G. and Pant, T. K. and Vineeth, C. and Hossain, M. M. and Antonita, M.},
title = {Response of the tropical mesopause to the longest annular solar eclipse of this millennium},
journal = {Journal of Geophysical Research: Space Physics},
volume = {116},
number = {},
issn = {2156-2202},
pages = {A06317},
year = {2011},
}


@article{Mayaud1977,
title = "{The equatorial counter-electrojet - A review of its geomagnetic aspects}",
journal = "Journal of Atmospheric and Terrestrial Physics ",
volume = "39",
number = "9–10",
pages = "1055 - 1070",
year = "1977",
note = "",
issn = "0021-9169",
author = "Mayaud, P. N."
}


@article{Reddy1981,
title = "{The equatorial electrojet: a review of the ionospheric and geomagnetic aspects}",
journal = "Journal of Atmospheric and Terrestrial Physics ",
volume = "43",
number = "5–6",
pages = "557 - 571",
year = "1981",
issn = "0021-9169",
author = "Reddy, C. A."
}


@article{Titheridge1973,
title = "The slab thickness of the mid-latitude ionosphere ",
journal = "Planetary and Space Science ",
volume = "21",
number = "10",
pages = {1775--1793},
year = "1973",
issn = "0032-0633",
author = "Titheridge, J. E."
}


@article {Davies1991,
author = {Davies, K. and Liu, X. M.},
title = {Ionospheric slab thickness in middle and low latitudes},
journal = {Radio Science},
volume = {26},
number = {4},
issn = {1944-799X},
pages = {997--1005},
year = {1991},
}

@Article{Venkatesh2011,
AUTHOR = {Venkatesh, K. and Rama Rao, P. V. S. and Prasad, D. S. V. V. D. and Niranjan, K. and Saranya, P. L.},
TITLE = "{Study of TEC, slab-thickness and neutral temperature of the thermosphere in the Indian low latitude sector}",
JOURNAL = {Annales Geophysicae},
VOLUME = {29},
YEAR = {2011},
NUMBER = {9},
PAGES = {1635--1645},
}

@article {GAIM2004,
author = {Schunk, Robert W. and Scherliess, Ludger and Sojka, Jan J. and Thompson, Donald C. and Anderson, David N. and Codrescu, Mihail and Minter, Cliff and Fuller-Rowell, Timothy J. and Heelis, Roderick A. and Hairston, Marc and Howe, Bruce M.},
title = "{Global Assimilation of Ionospheric Measurements (GAIM)}",
journal = {Radio Science},
volume = {39},
number = {1},
issn = {1944-799X},
pages = {},
keywords = {ionosphere, assimilation, Kalman filter, plasmasphere},
year = {2004},
}

@article {Titheridge1988,
author = {Titheridge, J. E.},
title = {The real height analysis of ionograms: A generalized formulation},
journal = {Radio Science},
volume = {23},
number = {5},
issn = {1944-799X},
pages = {831--849},
year = {1988},
}

@ARTICLE{Antonova1995,
   author = {{Antonova}, V.~P. and {Zusmanovich}, A.~G.},
    title = "{Fluctuations of Cosmic Rays of the Geophysical Origin}",
  journal = {International Cosmic Ray Conference},
     year = 1995,
   volume = 4,
    pages = {1094},
}



@article{Bhuyan2009,
title = "{The equatorial ionization anomaly at the topside F region of the ionosphere along $75^{\circ}$E} ",
journal = "{Advances in Space Research} ",
volume = "43",
number = "11",
pages = "1676 - 1682",
year = "2009",
issn = "0273-1177",
author = "Bhuyan, P. K. and Bhuyan, K.",
keywords = "Ionosphere",
keywords = "Topside ionosphere",
keywords = "Equatorial ionization anomaly (EIA)",
keywords = "Equatorial electrojet (EEJ)",
keywords = "\{SROSS\} \{C2\} "
}

@article {Bhaskar2013,
author = {Bhaskar, A. and Vichare, G.},
title = "{Characteristics of penetration electric fields to the equatorial ionosphere during southward and northward IMF turnings}",
journal = "{Journal of Geophysical Research: Space Physics}",
volume = {118},
number = {7},
issn = {2169-9402},
pages = {4696--4709},
keywords = {prompt penetration electric field, southward and northward IMF turnings, communication time, ionospheric reconfiguration time},
year = {2013},
}

@article {Hajra2009,
author = {Hajra, R. and Chakraborty, S. K. and Paul, A.},
title = "{Electrodynamical control of the ambient ionization near the equatorial anomaly crest in the Indian zone during counter electrojet days}",
journal = {Radio Science},
volume = {44},
number = {3},
issn = {1944-799X},
keywords = {total electron content, counter electrojet},
year = {2009},
}


@article {Dabas1984,
author = {Dabas, R. S. and Bhuyan, P. K. and Tyagi, T. R. and Bhardwaj, R. K. and Lal, J. B.},
title = "{Day-to-day changes in ionospheric electron content at low latitudes}",
journal = {Radio Science},
volume = {19},
number = {3},
issn = {1944-799X},
pages = {749--756},
year = {1984},
}

@article {Bartels1940,
author = {Bartels, J. and Johnston, H. F.},
title = "{Geomagnetic tides in horizontal intensity at Huancayo}",
journal = {Terrestrial Magnetism and Atmospheric Electricity},
volume = {45},
number = {3},
issn = {0096-8013},
pages = {269--308},
year = {1940},
}

@article {Egedal1947,
author = {Egedal, J.},
title = "{The magnetic diurnal variation of the horizontal force near the magnetic equator}",
journal = {Terrestrial Magnetism and Atmospheric Electricity},
volume = {52},
number = {4},
issn = {0096-8013},
pages = {449--451},
year = {1947},
}

@article{Fambitakoye1976,
title = "{Equatorial electrojet and regular daily variation SR—I. A determination of the equatorial electrojet parameters}",
journal = "Journal of Atmospheric and Terrestrial Physics ",
volume = "38",
number = "1",
pages = "1 - 17",
year = "1976",
note = "",
issn = "0021-9169",
author = "Fambitakoye, O. and Mayaud, P. N."
}


@article{Adewale2012,
title = "{Solar activity dependence of total electron content derived from GPS observations over Mbarara}",
journal = "Advances in Space Research ",
volume = "50",
number = "4",
pages = "415 - 426",
year = "2012",
note = "",
issn = "0273-1177",
author = "Adewale, A. O. and Oyeyemi, E. O. and Olwendo, J.",
}

@article{Chuo2007,
title = "{The variation of ionospheric slab thickness over equatorial ionization area crest region}",
journal = "Journal of Atmospheric and Solar-Terrestrial Physics ",
volume = "69",
number = "8",
pages = "947 - 954",
year = "2007",
note = "",
issn = "1364-6826",
author = "Chuo, Y. J.",
}


@article{Burmaka2006,
year={2006},
issn={0016-7932},
journal={Geomagnetism and Aeronomy},
volume={46},
number={2},
doi={10.1134/S0016793206020083},
title="{Wave-like processes in the ionosphere under quiet and disturbed conditions. 2. Analysis of observations and simulation}",
url={http://dx.doi.org/10.1134/S0016793206020083},
publisher={Nauka/Interperiodica},
keywords={M94.20.Tt},
author={Burmaka, V. P. and Taran, V. I. and Chernogor, L. F.},
pages={199-208},
}

@Article{Zerefos2007,
AUTHOR = {Zerefos, C. S. and Gerasopoulos, E. and Tsagouri, I. and Psiloglou, B. and Belehaki, A. and Herekakis, T. and Bais, A. and Kazadzis, S. and Eleftheratos, C. and Kalivitis, N. and Mihalopoulos, N.},
TITLE = "{Evidence of gravity waves into the atmosphere during the March 2006 total solar eclipse}",
JOURNAL = {Atmospheric Chemistry and Physics Discussions},
VOLUME = {7},
YEAR = {2007},
NUMBER = {3},
PAGES = {7603--7624},
}


@article {Altadill2001,
author = {Altadill, D. and Solé, J. G. and Apostolov, E. M.},
title = "{Vertical structure of a gravity wave like oscillation in the ionosphere generated by the solar eclipse of August 11, 1999}",
journal = {Journal of Geophysical Research: Space Physics},
volume = {106},
number = {A10},
issn = {2156-2202},
pages = {21419--21428},
year = {2001},
}


@article {Arendt1971,
author = {Arendt, P. R.},
title = "{Ionosphere-gravity wave interactions during the March 7, 1970, solar eclipse}",
journal = {Journal of Geophysical Research},
volume = {76},
number = {19},
issn = {2156-2202},
pages = {4695--4697},
keywords = {Aeronomy: Waves, Ionosphere: Disturbances},
year = {1971},
}


@article{Goodwin1995,
title = "{GPS satellite measurements: ionospheric slab thickness and total electron content}",
journal = "Journal of Atmospheric and Terrestrial Physics ",
volume = "57",
number = "14",
pages = "1723 - 1732",
year = "1995",
issn = "0021-9169",
author = "Goodwin, G. L. and Silby, J. H. and Lynn, K. J. W. and Breed, A. M. and Essex, E. A."
}


@article{Liu2000,
title = "{Modeling of the Ionospheric Response to the Solar Eclipse of 24 October 1995}",
journal = "TAO",
volume = "11",
number = "2",
pages = "543-554",
year = "2000",
issn = "2311-7680",
author = "Liu, Li-Bo. and Wan, Wei-Xing. and Tu, Jian-Nan. and Bao, Zong-Ti."
}


@incollection{Rastogi19899,
author = "Rastogi, R. G.",
title = "{The equatorial electrojet: magnetic and ionospheric
effects}",
editor = "Jacobs, J.",
booktitle = " Geomagnetism, vol. 3.",
publisher = "Academic Press",
address = "SanDiego, CA",
year = 1989,
pages ={461-525}
}

@article {Rao1958,
author = {Rao, K. S. Raja and Sivaraman, K. R.},
title = "{Lunar geomagnetic tides at Kodaikanal}",
journal = {Journal of Geophysical Research},
volume = {63},
number = {4},
issn = {2156-2202},
pages = {727--730},
year = {1958},
}

@article{gouin1960preliminary,
  title={Preliminary determination of the lunar diurnal influence on the geomagnetic components H, D, and Z at Addis Ababa},
  author={Gouin, P},
  journal={Bull. Geophys. Obs., Univ. Coll. Addis Ababa},
  volume={2},
  pages={1--8},
  year={1960}
}

@article{onwumechilli1959variations,
  title={Variations in the geomagnetic field at Ibadan, Nigeria—II Lunar and luni-solar variations in< i> H</i> and< i> Z</i>},
  author={Onwumechilli, CA and Alexander, NS},
  journal={Journal of Atmospheric and Terrestrial Physics},
  volume={16},
  number={1},
  pages={115--123},
  year={1959},
  publisher={Elsevier}
}


@article{banks1973,
 title={Aeronomy.},
 author={Banks, P. M. and Kockarts, G.},
 journal={Acad. Press, San Diego, Calif},
 volume={1},
 year={1973}
}

@article{Stankov2009,
  title="{Ionospheric slab thickness--Analysis, modelling and monitoring}",
  author={Stankov, S. M. and Warnant, R.},
  journal={Advances in Space Research},
  volume={44},
  number={11},
  pages={1295--1303},
  year={2009},
}

@article {Farley1986,
author = {Farley, D. T. and Bonelli, E. and Fejer, B. G. and Larsen, M. F.},
title = "{The prereversal enhancement of the zonal electric field in the equatorial ionosphere}",
journal = {Journal of Geophysical Research: Space Physics},
volume = {91},
number = {A12},
pages = {13723--13728},
year = {1986},
}

@article {KrishnaMurthy1990,
author = {Krishna Murthy, B. V. and Hari, S. S. and Somayajulu, V. V.},
title = "{Nighttime equatorial thermospheric meridional winds from ionospheric h'F data}",
journal = {Journal of Geophysical Research: Space Physics},
volume = {95},
number = {A4},
pages = {4307--4310},
year = {1990},
}


@article{Rastogi1974,
title = "{Lunar effects in the counter electrojet near the magnetic equator}",
journal = "Journal of Atmospheric and Terrestrial Physics ",
volume = "36",
number = "1",
pages = "167 - 170",
year = "1974",
author = "R.G Rastogi"
}

@article {Vineeth2007,
author = {Vineeth, C. and Pant, Tarun Kumar and Devasia, C. V. and Sridharan, R.},
title = "{Highly localized cooling in daytime mesopause temperature over the dip equator during counter electrojet events: First results}",
journal = {Geophysical Research Letters},
volume = {34},
number = {14},
issn = {1944-8007},
pages = {L14101},
year = {2007},
}

@article {Yamazaki2012,
author = {Yamazaki, Y. and Richmond, A. D. and Yumoto, K.},
title = "{Stratospheric warmings and the geomagnetic lunar tide: 1958-2007}",
journal = {Journal of Geophysical Research: Space Physics},
volume = {117},
number = {A4},
issn = {2156-2202},
pages = {A04301},
year = {2012},
}