
@TECHREPORT{1990IRIBilitza,
   author = {{Bilitza}, D. and {Rawer}, K. and {Bossy}, L. and {Kutiev}, I. and 
	{Oyama}, K.-I. and {Leitinger}, R. and {Kazimirovsky}, E.},
    title = "{International reference ionosphere 1990}",
booktitle = {Unknown},
     year = 1990,
   editor = {{Bilitza}, D. and {Rawer}, K. and {Bossy}, L. and {Kutiev}, I. and 
	{Oyama}, K.-I. and {Leitinger}, R. and {Kazimirovsky}, E.},
    month = nov,
}


@article{IRIBilitza2010,
year={2011},
issn={0949-7714},
journal={Journal of Geodesy},
volume={85},
number={12},
title="{The international reference ionosphere today and in the future}",
publisher={Springer-Verlag},
author={Bilitza, D. and McKinnell, L. and Reinisch, B. and Fuller-Rowell, T.},
pages={909-920},
language={English}
}




@ARTICLE{Martyn1947,
   author = {{Martyn}, D.~F.},
    title = "{Atmospheric Tides in the Ionosphere. I. Solar Tides in the F$_{2}$ Region}",
  journal = {Royal Society of London Proceedings Series A},
     year = 1947,
    month = apr,
   volume = 189,
    pages = {241-260},
}



@article{spim,
author = {Gulyaeva, T. L.},
title = "{International Standard Model of the Earth's Ionosphere and Plasmasphere}",
journal = {Astronomical and Astrophysical Transactions},
volume = {22},
number = {4-5},
pages = {639-643},
year = {2003},
eprint = {http://www.tandfonline.com/doi/pdf/10.1080/10556790308565760}
}

@article{Alizadeh,
year={2011},
journal={Journal of Geodesy},
volume={85},
number={12},
title="{Global Ionosphere Maps of VTEC from GNSS, satellite altimetry, and formosat-3/COSMIC data}",
publisher={Springer-Verlag},
author={Alizadeh, M. M. and Schuh, H. and Todorova, S. and Schmidt, M.},
pages={975-987},
}

@article{cai,
year={2007},
issn={1009-5020},
journal={Geo-spatial Information Science},
volume={10},
number={2},
title="{Monitoring seasonal variations of ionospheric TEC using GPS measurements}",
publisher={Wuhan University},
author={Cai, C.},
pages={96-99},
language={English}
}


@INBOOK{GulyaevaSPIM,
AUTHOR= {Gulyaeva, T. L. and Bilitza, D.}, 
EDITOR= { Larsen, R. J.},
TITLE = "{New Developments in the Standard Model}",
CHAPTER   = {“Towards ISO Standard Earth Ionosphere and Plasmasphere Model”},
PAGES     = {1-39},
PUBLISHER = {NOVA},
YEAR      = {2012},
Volume    = {},
Series    = {},
Address   = {Hauppauge, New York},
Edition   = {},
Month     = {},
Note      = {},
Key       = {}
}

 
@article {Das:Das01,
author = {DasGupta,  A. and Paul, A. and Das, A.},
title = "{Ionospheric total electron content (TEC) studies with GPS in the equatorial region}",
journal = {Indian Journal of Radio and Space Physics},
volume = {36},
pages = {278--292},
year = {1997},
month = {August},
}

@article {iri:iri01,
author = {Bilitza, D. and Rawer, K. and Gulyaeva T. L.},
title = "{International Reference Ionosphere - Past, Present, Future}",
journal = {Adv. Space Res.},
volume = {13},
number = {3},
pages = {3--23},
year = {1993},
}

@article {Davies1997,
author = {Davies, K. and Hartmann, G. K.},
title = "{Studying the ionosphere with the Global Positioning System}",
journal = {Radio Science},
volume = {32},
number = {4},
issn = {1944-799X},
pages = {1695--1703},
year = {1997},
}


@Article{ars-2-283-2004,
AUTHOR = {Bilitza, D.},
TITLE = "{35 years of International Reference Ionosphere – Karl Rawer’s legacy}",
JOURNAL = {Advances in Radio Science},
VOLUME = {2},
YEAR = {2004},
PAGES = {283--287},
}

@ARTICLE{Seemala2011,
   author = {{Seemala}, G. ~K. and Valladares, C. ~E.},
    title = "{Statistics of total electron content depletions observed over the South American continent for the year 2008}",
  journal = {Radio Science},
     year = {2011},
    month = {October},
   volume = 46,
      eid = {RS5019},
    pages = {5019},
}


@article {Calais1995,
author = {Calais, E. and Minster, J. B.},
title = "{GPS detection of ionospheric perturbations following the January 17, 1994, Northridge Earthquake}",
journal = {Geophysical Research Letters},
volume = {22},
number = {9},
issn = {1944-8007},
pages = {1045--1048},
year = {1995},
}



@article{Liu2012,
title = "{Vertical  TEC variations and model during low solar activity at a low latitude station, Xiamen} ",
journal = "Advances in Space Research ",
volume = "49",
number = "3",
pages = "530 - 538",
year = "2012",
note = "",
issn = "0273-1177",
author = " Liu, G. and  Huang, W. and Shen, H. and Gong, J.",
}


@PhdThesis{Komjathy1997,
           title = "{Global Ionospheric Total Electron Content Mapping Using the Global Positioning System}",
          author = {Komjathy, A.},
          school = {Dept. of Geodesy and Geomatics Engineering, University of New Brunswick},
           month = {September},
            year = {1997},
}




@MastersThesis{Hong:Thesis:2008,
    author =  {Hong, L. W.},
    title     =  {{Interpolation and mapping of the total electron content over the malaysian region}},
    school = {Faculty of Geoinformation Science and Engineering University of Technology},
    address = { Malaysia},
    year =  {2008},
    }

@article {Kane1980,
author = {Kane, R. P.},
title = "{Irregular variations in the global distribution of total electron content}",
journal = {Radio Science},
volume = {15},
number = {4},
issn = {1944-799X},
pages = {837--842},
year = {1980},
}




@article{Bhuyan200255,
title = "{Electron density measurements in the topside F-region and its comparison with the IRI in the 75°E longitude sector}",
journal = "Journal of Atmospheric and Solar-Terrestrial Physics ",
volume = "64",
number = "1",
pages = "55 - 64",
year = "2002",
note = "",
issn = "1364-6826",
author = "P. K. Bhuyan and M. Chamua",
}

@article{Bhuyan2003,
title = "{Diurnal, seasonal and latitudinal variation of electron density in the topside F-region of the Indian zone ionosphere at solar minimum and comparison with the IRI} ",
journal = "Journal of Atmospheric and Solar-Terrestrial Physics ",
volume = "65",
number = "3",
pages = "359 - 368",
year = "2003",
note = "",
issn = "1364-6826",
author = "P. K. Bhuyan and M. Chamua and K. Bhuyan and P. Subrahmanyam and S. C. Garg",
}

@article{Rishbeth1995,
year={1995},
issn={0992-7689},
journal={Annales Geophysicae},
volume={13},
number={4},
title="{The F-layer at sunrise}",
publisher={Springer-Verlag},
author={Rishbeth, H. and Jenkins, B. and Moffett, R.J.},
pages={367-374},
language={English}
}


@article{Iyer1996233,
title = "{Comparative study of TEC near the crest of the equatorial anomaly with IRI model for solar minimum to solar maximum} ",
journal = "Advances in Space Research ",
volume = "18",
number = "6",
pages = "233 - 236",
year = "1996",
issn = "0273-1177",
author = "K. N. Iyer and H. P. Joshi and R. D. Jivrajani and P. Aravindakshan"
}

@article{Bittencourt1994995,
title = "{On the IRI model predictions for the low-latitude ionosphere} ",
journal = "Journal of Atmospheric and Terrestrial Physics ",
volume = "56",
number = "8",
pages = "995 - 1009",
year = "1994",
note = "",
issn = "0021-9169",
author = "J. A. Bittencourt and M. Chryssafidis"
}

@article{Ezquer2004,
author = {R. G. Ezquer and C. Brunini and M. Mosert and A. Meza and R. del V. Oviedo and E. Kiorcheff and S. M. Radicella},
title = {{GPS-VTEC measurements and IRI predictions in the South American sector}},
journal = {Advances in Space Research},
volume = {34},
year = {2004},
pages = {2035--2043},
issue = {9},
masid = {40749073}
}



@article{Rao2010,
author = {Rao, N. V. and Madhu, T and Kishore, K.  L.},
file = {:C$\backslash$:/Users/sampadpanda/AppData/Local/Mendeley Ltd./Mendeley Desktop/Downloaded/Rao, Madhu, Kishore - 2010 - Geomagnetic Storm Effects on GPS Aided Navigation over Low Latitude South Indian Region(3).pdf:pdf},
mendeley-groups = {Eclipse},
number = {3},
pages = {37--42},
title = "{Geomagnetic Storm Effects on GPS Aided Navigation over Low Latitude South Indian Region}",
volume = {10},
year = {2010}
}

@Article{RamaRao2009,
AUTHOR = {Rama Rao, P. V. S. and Seemala, G. K. and Vara Prasad, J. and Prasad, S. N. V. S. and Prasad, D. S. V. V. D. and Niranjan, K.},
TITLE = "{Geomagnetic storm effects on GPS based navigation}",
JOURNAL = {Annales Geophysicae},
VOLUME = {27},
YEAR = {2009},
NUMBER = {5},
PAGES = {2101--2110},
}





@article{Cai2007,
year={2007},
issn={1009-5020},
journal={Geo-spatial Information Science},
volume={10},
number={2},
title={Monitoring seasonal variations of ionospheric TEC using GPS measurements},
publisher={Wuhan University},
author={Cai, C.},
pages={96-99},
language={English}
}


@ARTICLE{Yang2005,
   author = {{Yang}, Y. and {Zhang}, S.},
    title = "{Adaptive fitting of systematic errors in navigation}",
  journal = {Journal of Geodesy},
     year = 2005,
    month = jun,
   volume = 79,
    pages = {43-49},
}

@ARTICLE{Gao,
   author = {{Gao}, Y. and {Liu}, Z. Z.},
    title = "{Precise Ionosphere Modeling Using Regional GPS Network Data}",
  journal = {Journal of Global Positioning Systems},
     year = 2002,
    month = July,
   volume = 1,
    pages = {18-24},
  }




@ARTICLE{Sharma,
   author = {{Sharma}, S. and {Galav}, P. and {Dashora}, N. and {Pandey}, R.
	},
    title = "{Longitudinal study of the ionospheric response to the geomagnetic storm of 15 May 2005 and manifestation of TADs}",
  journal = {Annales Geophysicae},
     year = 2011,
    month = jun,
   volume = 29,
    pages = {1063-1070},
}

@ARTICLE{Sreeja,
   author = {{Sreeja}, V. and {Devasia}, C.~V. and {Ravindran}, S. and {Pant}, T.~K. and 
	{Sridharan}, R.},
    title = "{Response of the equatorial and low-latitude ionosphere in the Indian sector to the geomagnetic storms of January 2005}",
  journal = {Journal of Geophysical Research (Space Physics)},
     year = 2009,
   volume = 114,
    pages = {A06314},
}


@ARTICLE{Mannucci1998,
   author = {{Mannucci}, A.~J. and {Wilson}, B.~D. and {Yuan}, D.~N. and 
	{Ho}, C.~H. and {Lindqwister}, U.~J. and {Runge}, T.~F.},
    title = "{A global mapping technique for GPS-derived ionospheric total electron content measurements}",
  journal = {Radio Science},
     year = 1998,
    month = may,
   volume = 33,
    pages = {565-582},
}

@ARTICLE{2005Gao,
   author = {{Liu}, Z. and {Gao}, Y. and {Skone}, S.},
    title = "{A study of smoothed TEC precision inferred from GPS measurements}",
  journal = {Earth, Planets, and Space},
     year = 2005,
    month = nov,
   volume = 57,
    pages = {999-1007},
}


@ARTICLE{2007Moeketsi,
   author = {{Moeketsi}, D.~M. and {Combrinck}, W.~L. and {McKinnell}, L.~A. and 
	{Fedrizzi}, M.},
    title = "{Mapping GPS-derived ionospheric Total Electron Content over Southern Africa during different epochs of solar cycle 23}",
  journal = {Advances in Space Research},
     year = 2007,
   volume = 39,
    pages = {821-829},
}

@ARTICLE{2007Opperman,
   author = {{Opperman}, B.~D.~L. and {Cilliers}, P.~J. and {McKinnell}, L.-A. and 
	{Haggard}, R.},
    title = "{Development of a regional GPS-based ionospheric TEC model for South Africa}",
  journal = {Advances in Space Research},
     year = 2007,
   volume = 39,
    pages = {808-815},
}


@ARTICLE{2007McKinnell,
   author = {{McKinnell}, L. -A. and {Opperman}, B. and {Cilliers}, P.~J.},
    title = "{GPS TEC and ionosonde TEC over Grahamstown, South Africa: First comparisons}",
  journal = {Advances in Space Research},
     year = 2007,
   volume = 39,
    pages = {816-820},
}



@article{Gulyaeva2013329,
title = "{GIM-TEC adaptive ionospheric weather assessment and forecast system}",
journal = "Journal of Atmospheric and Solar-Terrestrial Physics ",
volume = "102",
number = "0",
pages = "329 - 340",
year = "2013",
note = "",
issn = "1364-6826",
author = "T. L. Gulyaeva and F. Arikan and M. Hernandez-Pajares and I. Stanislawska",
}



@ARTICLE{Hernandez2009,
   author = {{Hern{\'a}ndez-Pajares}, M. and {Juan}, J.~M. and {Sanz}, J. and 
	{Orus}, R. and {Garcia-Rigo}, A. and {Feltens}, J. and {Komjathy}, A. and 
	{Schaer}, S.~C. and {Krankowski}, A.},
    title = "{The IGS VTEC maps: a reliable source of ionospheric information since 1998}",
  journal = {Journal of Geodesy},
     year = 2009,
    month = mar,
   volume = 83,
    pages = {263-275},
}



@article{Feltens2003,
title = "{The International GPS Service (IGS) Ionosphere Working Group} ",
journal = "Advances in Space Research ",
volume = "31",
number = "3",
pages = "635 - 644",
year = "2003",
issn = "0273-1177",
author = "J. Feltens"
}

@InProceedings{IONEX1998,
    author = {Schaer, S. and Gurtner, W. and Feltens, J.},
    title = {{IONEX}: The IONosphere Map EXchange Format Verson 1},
    booktitle = {Proceedings of the {IGS AC} Workshop},
    month = feb,
    year = 1998,
    publisher = {},
    editor = {},
    pages = {},
}


@article{Abdu1996,
title = "{An overview of IRI-observational data comparison in American (Brazilian) sector low latitude ionosphere}",
journal = "Advances in Space Research ",
volume = "18",
number = "6",
pages = "13 - 22",
year = "1996",
issn = "0273-1177",
author = "Abdu, M. A. and Batista, I. S.  and de Souza, J. R. "
}

@article{Shastri1996,
title = "{Performance of IRI model predictions of F-region for Indian latitudes }",
journal = "Advances in Space Research ",
volume = "18",
number = "6",
pages = "41 - 44",
year = "1996",
issn = "0273-1177",
author = "Shastri, S.  and Aggarwal, S.  and Sethi, N. K. "
}

@article{McNamara1985,
title = "{The use of total electron content measurements to validate empirical models of the ionosphere}",
journal = "Advances in Space Research ",
volume = "5",
number = "7",
pages = "81 - 90",
year = "1985",
note = "",
issn = "0273-1177",
author = "McNamara, L. F."
}


@article{Sethi2011,
title = "{Validation of IRI-2007 against TEC observations during low solar activity over Indian sector }",
journal = "Journal of Atmospheric and Solar-Terrestrial Physics ",
volume = "73",
number = "7–8",
pages = "751 - 759",
year = "2011",
note = "",
issn = "1364-6826",
author = "Sethi, N. K.  and Dabas, R. S.  and Sarkar, S. K.",
}

@article{Sethi2001,
title = "{Comparative study of TEC with IRI model for solar minimum period at low latitude} ",
journal = "Advances in Space Research ",
volume = "27",
number = "1",
pages = "45 - 48",
year = "2001",
note = "",
issn = "0273-1177",
author = "Sethi, N. K. and Pandey, V. K. and Mahajan, K. K. "
}



@article{Batista1994,
title = "{Total electron content at low latitudes and its comparison with the  IRI90} ",
journal = "Advances in Space Research ",
volume = "14",
number = "12",
pages = "87 - 90",
year = "1994",
note = "",
issn = "0273-1177",
author = "Batista, I. S.  and de Souza, J. R.  and Abdu, M. A. and de Paula, E. R."
}



@article{Chauhan2010,
title = "{A morphological study of GPS-TEC data at Agra and their comparison with the IRI model }",
journal = "Advances in Space Research ",
volume = "46",
number = "3",
pages = "280 - 290",
year = "2010",
note = "",
issn = "0273-1177",
author = "Chauhan, V. and Singh, O.  P. ",
}




@article{Aggarwal2011,
title = "{TEC variability near northern EIA crest and comparison with IRI model} ",
journal = "Advances in Space Research ",
volume = "48",
number = "7",
pages = "1221 - 1231",
year = "2011",
note = "",
issn = "0273-1177",
author = "Aggarwal, M.",
}


@article{Adewale2012,
title = "{Low solar activity variability and IRI 2007 predictability of equatorial Africa  GPS TEC} ",
journal = "Advances in Space Research ",
volume = "49",
number = "2",
pages = "316 - 326",
year = "2012",
note = "",
issn = "0273-1177",
author = "Adewale, A. O.  and Oyeyemi, E. O.  and Cilliers, P. J.  and McKinnell, L. A.  and Adeloye, A. B. ",
}



@article{Prasad2012,
title = "{On the variabilities of the Total Electron Content (TEC) over the Indian low latitude sector }",
journal = "Advances in Space Research ",
volume = "49",
number = "5",
pages = "898 - 913",
year = "2012",
note = "",
issn = "0273-1177",
author = "Prasad, S.N.V.S.  and Rama Rao, P.V.S.  and Prasad, D.S.V.V.D.  and Venkatesh, K. and Niranjan, K. ",
}



@article{Olwendo2012,
title = "{Comparison of GPS TEC measurements with IRI-2007  TEC prediction over the Kenyan region during the descending phase of solar cycle 23 }",
journal = "Advances in Space Research ",
volume = "49",
number = "5",
pages = "914 - 921",
year = "2012",
note = "",
issn = "0273-1177",
author = "Olwendo, O. J.  and Baki, P.  and Cilliers, P.J.  and Mito, C.  and Doherty, P. ",
}


@article{Bramley1968,
title = "{Winds and electromagnetic drifts in the equatorial F2-region}",
journal = "Journal of Atmospheric and Terrestrial Physics ",
volume = "30",
number = "1",
pages = "99 - 111",
year = "1968",
note = "",
issn = "0021-9169",
author = "Bramley, E. N. and Young, M. "
}

@article {Tsai2001,
author = {Tsai, H. and Liu, J. and Tsai, W. and Liu, C. and Tseng, C. and Wu, C.},
title = "{Seasonal variations of the ionospheric total electron content in Asian equatorial anomaly regions}",
journal = {Journal of Geophysical Research: Space Physics},
volume = {106},
number = {A12},
issn = {2156-2202},
pages = {30363--30369},
year = {2001},
}


@article{Torr1973,
title = "{The seasonal behaviour of the F2-layer of the ionosphere}",
journal = "Journal of Atmospheric and Terrestrial Physics ",
volume = "35",
number = "12",
pages = "2237 - 2251",
year = "1973",
note = "",
issn = "0021-9169",
author = "Torr, M. R.  and Torr, D. G. "
}


@article{Liu2013366,
title = "{Seasonal variability of GPS-VTEC and model during low solar activity period (2006-2007) near the equatorial ionization anomaly crest location in Chinese zone} ",
journal = "Advances in Space Research ",
volume = "51",
number = "3",
pages = "366 - 376",
year = "2013",
note = "",
issn = "0273-1177",
author = " Liu, G. and  Huang, W. and Gong, J. and Shen, H.",
}





@article{Troitsky2007SPIM,
year={2007},
issn={0016-7932},
journal={Geomagnetism and Aeronomy},
volume={47},
number={3},
title="{Ionospheric support of HF radiocommunication using maps of total electron content}",
publisher={Nauka/Interperiodica},
author={Troitsky, B. V. and Ortikov, M. Yu. and Lobanov, K. A. and Vlasov, A. A. and Pogorel’tsev, A. I.},
pages={389-394},
language={English}
}



@ARTICLE{SPIM6570763,
author={Sezen, U. and Sahin, O. and Arikan, F. and Arikan, O.},
journal={Antennas and Propagation, IEEE Transactions on},
title="{Estimation of $hmF2$ and $foF2$ Communication Parameters of Ionosphere $F2$-Layer Using GPS Data and IRI-Plas Model}",
year={2013},
volume={61},
number={10},
pages={5264-5273},
ISSN={0018-926X},
}


@article{HernandezPajares2002949,
title = "{Combining GPS measurements and IRI model values for space weather specification}",
journal = "Advances in Space Research ",
volume = "29",
number = "6",
pages = "949 - 958",
year = "2002",
note = "",
issn = "0273-1177",
author = "Hernandez-Pajares, M. and Juan, J. M. and Sanz, J.  and Bilitza, D. "
}


@article{Galav2010,
title = "{Characterization of low latitude GPS-TEC during very low solar activity phase}",
journal = "Journal of Atmospheric and Solar-Terrestrial Physics ",
volume = "72",
number = "17",
pages = "1309 - 1317",
year = "2010",
note = "",
issn = "1364-6826",
author = "Galav, P. and Dashora, N. and Sharma, S. and Pandey, R. ",
}


@Article{Zhao2009,
AUTHOR = {Zhao, B. and Wan, W. and Liu, L. and Ren, Z.},
TITLE = "{Characteristics of the ionospheric total electron content of the equatorial ionization anomaly in the Asian-Australian region during 1996-2004}",
JOURNAL = {Annales Geophysicae},
VOLUME = {27},
YEAR = {2009},
NUMBER = {10},
PAGES = {3861--3873},
}

@article{Mukherjee2010,
title = "Seasonal variation of total electron content at crest of equatorial anomaly station during low solar activity conditions ",
journal = "Advances in Space Research ",
volume = "46",
number = "3",
pages = "291 - 295",
year = "2010",
note = "",
issn = "0273-1177",
author = "Mukherjee, S.  and Sarkar , S. and Purohit, P. K.  and Gwal, A. K. ",
}


@article{Bagiya2011,
author = {Bagiya, M.  S. and Iyer, K. N. and Joshi, H. P. and Thampi, S. V. and Tsugawa, T. and Ravindran, S. and Sridharan, R. and Pathan, B. M.},
file = {:E$\backslash$:/Sampad K. Panda\_09431010/GPS+IONOSPHERE IN INDIA/rajkotGPSpaper.pdf:pdf},
issn = {0148-0227},
journal = {Journal of Geophysical Research},
mendeley-groups = {Eclipse},
month = jan,
number = {A1},
pages = {A01303},
title = {{Low-latitude ionospheric-thermospheric response to storm time electrodynamical coupling between high and low latitudes}},
volume = {116},
year = {2011}
}


@ARTICLE{SPIM6570763Sezen,
author={Sezen, U. and Sahin, O. and Arikan, F. and Arikan, O.},
journal={Antennas and Propagation, IEEE Transactions on},
title={Estimation of $hmF2$ and $foF2$ Communication Parameters of Ionosphere $F2$-Layer Using GPS Data and IRI-Plas Model},
year={2013},
volume={61},
number={10},
pages={5264-5273},
ISSN={0018-926X},
}


@Article{SPIMMaltseva2013,
AUTHOR = {Maltseva, O. A. and Zhbankov, G. A. and Mozhaeva, N. S.},
TITLE = {Advantages of the new model of IRI (IRI-Plas) to simulate the ionospheric electron density: case of the European area},
JOURNAL = {Advances in Radio Science},
VOLUME = {11},
YEAR = {2013},
PAGES = {307--311},
}

@article{Ezquer1999,
title = "{Predicted and measured electron density at 600 km altitude in the South American peak of the equatorial anomaly}",
journal = "Journal of Atmospheric and Solar-Terrestrial Physics ",
volume = "61",
number = "5",
pages = "415 - 421",
year = "1999",
note = "",
issn = "1364-6826",
author = "Ezquer, R. G. and Carbrera, M. A. and Manzano, J. R. "
}

@article {Egedal1947,
author = {Egedal, J.},
title = {{The magnetic diurnal variation of the horizontal force near the magnetic equator}},
journal = {Terrestrial Magnetism and Atmospheric Electricity},
volume = {52},
number = {4},
issn = {0096-8013},
pages = {449--451},
year = {1947},
}


@article {Forbes1981,
author = {Forbes, J. M.},
title = {The equatorial electrojet},
journal = {Reviews of Geophysics},
volume = {19},
number = {3},
issn = {1944-9208},
pages = {469--504},
year = {1981},
}


@article {Rastogi1994,
author = {Rastogi, R. G.},
title = {Ionospheric current system associated with the equatorial counterelectrojet},
journal = {Journal of Geophysical Research: Space Physics},
volume = {99},
number = {A7},
issn = {2156-2202},
pages = {13209--13217},
year = {1994},
}

@article {Watkins1964,
author = {Watkins, D. C.},
title = "{Reaching the Upper ionosphere by radar}",
journal = {New Scientist},
volume = {99},
number = {382},
pages = {686--689},
year = {1964},
}


@phdthesis{Sibanda2010,
  title={Challenges in topside ionospheric modelling over South Africa},
  author={Sibanda, P.},
  year={2010},
  school={Rhodes University},
}

@phdthesis{Oyeyemi2006,
  title="{A global ionospheric F2 region peak electron density model using neural networks and extended geophysically relevant inputs}",
  author={Oyeyemi, E. O.},
  year={2006},
  school={Rhodes University},
}

@article{Rishbeth1998,
  title="{How the thermospheric circulation affects the ionospheric F2-layer}",
  author={Rishbeth, H.},
  journal={Journal of Atmospheric and Solar-Terrestrial Physics},
  volume={60},
  number={14},
  pages={1385--1402},
  year={1998},
  publisher={Elsevier},
}

@article {Powell2010,
author = {Powell, J. D. and Walter, T.},
title = "{Space Weather: Its Effect on GNSS, DGNSS, SBAS, and Flight Inspection}",
journal = {International Flight Inspection Symposium (IFIS), Beijing, China.},
volume = {},
number = {},
pages = {},
year = {2010},
}


@article{Essex2010,
  title="{Monitoring the ionosphere/plasmasphere with low earth orbit satellites: The Australian Microsatellite FedSat}",
  author={Essex, E. A. and Webb, P. A. and Horvath, I. and McKinnon, C. and Shilo, N. and Tate, B.},
  journal={Cooperative Research Center for Satellite Systems, Department of Physics, La Trobe University, Bundoora},
  year={2010}
}


@article{Abdullah2009,
  title="{Ionospheric Total Electron Content Response to the December 26, 2004 North Sumatra Earthquake}",
  author={Abdullah, A. and Zain, A. F. M. and Jusoh, M. H. and Misran, N. and Mubarak, W. A.},
  journal={American Journal of Applied Sciences},
  volume={6},
  number={4},
  pages={685--690},
  year={2009}
}

@ARTICLE{Kintner2009,
   author = {Kintner, P. M. and Humphreys, T. and Hinks, J.},
    title = "{GNSS and Ionospheric scintillation}",
  journal = {InsideGNSS},
     year = {2009},
}


@book{Prolss2004,
  title={Physics of the Earth\textasciiacute s Space Environment: An Introduction},
  author={Pr{\"o}lss, G.},
  isbn={9783540214267},
  lccn={2004102968},
  year={2004},
 }


@article{Komjathy2003,
  title="{An assessment of the current WAAS ionospheric correction algorithm in the south American region}",
  author={Komjathy, Attila and Sparks, Lawrence and Mannucci, Anthony J and Nasa, Xiaoqing PI},
  journal={Navigation(Washington)},
  volume={50},
  number={3},
  pages={193--204},
  year={2003}
}

@book{Parkinson1996,
  title="{Global Positioning System: Theory and Applications}",
  author={Parkinson, B. W. and Spilker, J. J.},
  number={v. 1},
  isbn={9781600864193},
  year={1996},
  publisher={American Institute of Aeronautics \& Astronautics}
}

@book{Wells1986,
  title={Guide to GPS positioning},
  author={Wells, D.E., N. Beck, D. Delikaraoglou, A. Kleusberg., E.J. Krakiwsky, G. Lachapelle,
  R.B. Langley, M. Nakiboglu, K.P. Schwarz, J.M. Tranquilla, and P. Van\'{\i}cek},
  year={1987},
  publisher={Canadian GPS Associates Fredericton, NB, Canada}
}

@MASTERSTHESIS{El-Gizawy,
           title = "{Development of an Ionosphere Monitoring Technique Using GPS Measurements for High Latitude GPS Users}",
          author = {El-Gizawy, M. L.},
          school = {Dept. of Geomatics Engineering, The University of Calgary, Alberta},
          year = {2003},
}

@book{Hoffmann1997,
  title="{GPS: Theory and practice}",
  author={Hoffmann-Wellenhof, Bernhard and Lichtenegger, Herbert and Collins, James},
  publisher={4th revised edn, Springer Wien, New York},
  year={1997},
}

@article{Lachapelle1998,
  title={GPS Theory and Applications},
  author={Lachapelle, G},
  journal={ENGO625 Lecture Notes, Department of Geomatics Engineering, University of Calgary, Canada},
  year={1998}
}



@article{Simmons1995,
  title="{Module 10—Introduction to Wave Propagation, Transmission Lines, and
  Antennas}",
  author={Simmons, L. D. and Floyd, L. A.},
  journal={Navy Electricity and Electronics Training Series, Naval Education and training professional development and technology, Nevedtra},
  year={1995}
}


@article {Sunda2015,
author = {Sunda, S. and Sridharan, R. and Vyas, B. M. and Khekale, P. V. and Parikh, K. S. and Ganeshan, A. S. and Sudhir, C. R. and Satish, S. V. and Bagiya, Mala S.},
title = "{Satellite-based augmentation systems: A novel and cost-effective tool for ionospheric and space weather studies}",
journal = {Space Weather},
issn = {1542-7390},
doi = {10.1002/2014SW001103},
year = {2015},
}
