@book{mayer2013big,
  title={Big Data: A Revolution that Will Transform how We Live, Work, and Think},
  author={Mayer-Sch{\"o}nberger, V. and Cukier, K.},
  isbn={9780544002692},
  lccn={2012538859},
  series={An Eamon Dolan book},
  url={http://books.google.co.in/books?id=uy4lh-WEhhIC},
  year={2013},
  publisher={Houghton Mifflin Harcourt}
}

@article{ginsberg2008detecting,
  title={Detecting influenza epidemics using search engine query data},
  author={Ginsberg, Jeremy and Mohebbi, Matthew H and Patel, Rajan S and Brammer, Lynnette and Smolinski, Mark S and Brilliant, Larry},
  journal={Nature},
  volume={457},
  number={7232},
  pages={1012--1014},
  year={2008},
  publisher={Nature Publishing Group}
}

@article{10.1371/journal.pone.0023610,
    author = {Cook, Samantha AND Conrad, Corrie AND Fowlkes, Ashley L. AND Mohebbi, Matthew H.},
    journal = {PLoS ONE},
    publisher = {Public Library of Science},
    title = {Assessing Google Flu Trends Performance in the United States during the 2009 Influenza Virus A (H1N1) Pandemic},
    year = {2011},
    month = {08},
    volume = {6},
    url = {http://dx.doi.org/10.1371%2Fjournal.pone.0023610},
    pages = {e23610},
    number = {8},
    doi = {10.1371/journal.pone.0023610}
}        




