@article{hinton2006fast,
  title={A fast learning algorithm for deep belief nets},
  author={Hinton, Geoffrey and Osindero, Simon and Teh, Yee-Whye},
  journal={Neural computation},
  volume={18},
  number={7},
  pages={1527--1554},
  year={2006},
  publisher={MIT Press}
}
@article{bengio2009learning,
  title={Learning deep architectures for AI},
  author={Bengio, Yoshua},
  journal={Foundations and trends{\textregistered} in Machine Learning},
  volume={2},
  number={1},
  pages={1--127},
  year={2009},
  publisher={Now Publishers Inc.}
}
@article{mohamed2012acoustic,
  title={Acoustic modeling using deep belief networks},
  author={Mohamed, Abdel-rahman and Dahl, George E and Hinton, Geoffrey},
  journal={Audio, Speech, and Language Processing, IEEE Transactions on},
  volume={20},
  number={1},
  pages={14--22},
  year={2012},
  publisher={IEEE}
}
@article{hinton2006reducing,
  title={Reducing the dimensionality of data with neural networks},
  author={Hinton, Geoffrey E and Salakhutdinov, Ruslan R},
  journal={Science},
  volume={313},
  number={5786},
  pages={504--507},
  year={2006},
  publisher={American Association for the Advancement of Science}
}
