@book{mohri2012foundations,
  title={Foundations of Machine Learning},
  author={Mohri, M. and Rostamizadeh, A. and Talwalkar, A.},
  isbn={9780262018258},
  lccn={2012007249},
  series={Adaptive computation and machine learning series},
  url={https://books.google.co.in/books?id=maz6AQAAQBAJ},
  year={2012},
  publisher={MIT Press}
}

@book{smolaML,
  title={Introduction to Machine Learning},
  author={Smola, A. and Vishwanathan, S.V.N.},
  isbn={0521825830},
  year={2008},
  publisher={Cambridge University Press}
}
