% This file was created with JabRef 2.10.
% Encoding: ISO8859_1


@Book{ablitt2000,
  Title                    = {Characterisation of particles and their scattering effects on polarized light},
  Author                   = {B.P. Ablitt},
  Publisher                = {University of Nottingham},
  Year                     = {2000}
}

@Article{An10,
  Title                    = {Three-Component Model-Based Decomposition for Polarimetric SAR Data},
  Author                   = {Wentao An and Yi Cui and Jian Yang},
  Journal                  = {IEEE Transactions on Geoscience and Remote Sensing},
  Pages                    = {2732-2739},
  Volume                   = {48},
  Year                     = {2010},
  Month                    = {June},
  Number                   = {6},

  Doi                      = {10.1109/TGRS.2010.2041242},
  ISSN                     = {0196-2892},
  Keywords                 = {synthetic aperture radar;E- SAR polarimetric data;Freeman decomposition;coherency matrix;power constraint;synthetic aperture radar;three-component model-based decomposition;Freeman decomposition;incoherent polarimetric decomposition;radar polarimetry;synthetic aperture radar (SAR)}
}

@Article{Beaulieu04,
  Title                    = {Segmentation of textured polarimetric SAR scenes by likelihood approximation},
  Author                   = {Beaulieu, J.-M. and Touzi, R.},
  Journal                  = {IEEE Transactions on Geoscience and Remote Sensing},
  Pages                    = {2063-2072},
  Volume                   = {42},
  Year                     = {2004},
  Month                    = {Oct},
  Number                   = {10},

  Doi                      = {10.1109/TGRS.2004.835302},
  ISSN                     = {0196-2892},
  Keywords                 = {Gaussian distribution;forestry;geophysical signal processing;image segmentation;image texture;maximum likelihood decoding;radar polarimetry;remote sensing by radar;terrain mapping;vegetation mapping;Gaussian-Wishart segmentation;K-distribution segmentation;Wishart distribution;field-adaptable segmentation strategy;hierarchical stepwise optimization process;image segmentation;image texture;likelihood approximation problem;likelihood segment merging criteria;maximum likelihood estimation;multivariate complex Gaussian;spatial texture;synthetic aperture radar;textured forested areas;textured polarimetric SAR scenes;Gaussian processes;Image edge detection;Image segmentation;Layout;Merging;Polarimetric synthetic aperture radar;Remote sensing;Speckle;Synthetic aperture radar;Testing;Hierarchical image segmentation;SAR;Wishart and $hbox K$ -distributions;image;maximum-likelihood estimation;polarimetric synthetic aperture radar;texture}
}

@Article{SOUISSI2012,
  Title                    = {Investigation of the capability of the Compact Polarimetry mode to Reconstruct Full Polarimetry mode using RADARSAT2 data},
  Author                   = {Boularbah, S. and Ouarzeddine, M. and Belhadj-Aissa, A.},
  Journal                  = {Advanced Electromagnetics},
  Pages                    = {19-28},
  Volume                   = {01},
  Year                     = {2012},
  Number                   = {01},

  Doi                      = {http://dx.doi.org/10.7716/aem.v1i1.12},
  ISSN                     = {2119-0275},
  Keywords                 = { Radar polarimetry, Compact, Scattering, Decomposition}
}

@Inproceedings{bussey2007mini,
  Title                    = {Mini-RF: Imaging radars for exploring the lunar poles},
  Author                   = {Bussey, DBJ and Spudis, PD and Nozette, S and Lichtenberg, CL and Raney, RK and Marinelli, W and Winters, HL},
  Booktitle                = {Lunar and Planetary Institute Science Conference Abstracts},
  Year                     = {2007},
  Pages                    = {1610},
  Volume                   = {38}
}

@InCollection{Campbell2002A,
  Title                    = {Radar Scattering from collection of objects or layered terrain},
  Author                   = {B. A. Campbell},
  Booktitle                = {Radar remote sensing of planetary surfaces},
  Publisher                = {Cambridge University Press},
  Year                     = {2002},
  Pages                    = {203-234}
}

@Inproceedings{Campbell2002B,
  Title                    = {Radar Penetration in Mars Analog Environments},
  Author                   = {B. A. Campbell and J. A. Grant and T. Maxwell},
  Booktitle                = {Proceedings of Lunar and Planetary Science Conference},
  Year                     = {2002},
  Pages                    = {Abstract \#1616},
  Volume                   = {33}
}

@InCollection{heiken1991lunarch9,
  Title                    = {Physical properties of the Lunar Surface},
  Author                   = { W. D. Carrier and G. R. Olhoeft and W. Mendell },
  Booktitle                = { Lunar Source Book: A User's Guide to the Moon },
  Publisher                = { Cambridge Univ. Press },
  Year                     = {1991},

  Address                  = { New York },
  Editor                   = { G. H. Heiken and D. T. Vaniman, and B. M. French },
  Pages                    = {475-594}
}

@Article{Charbonneau2010,
  Title                    = {Compact polarimetry overview and applications assessment},
  Author                   = {Charbonneau, F. J. and Brisco, B. and Raney, R. K. and McNairn, H. and Liu, C. and Vachon, P. W. and Shang, J. and DeAbreu, R. and Champagne, C. and Merzouki, A. and Geldsetzer, T.},
  Journal                  = {Canadian Journal of Remote Sensing},
  Pages                    = {S298-S315},
  Volume                   = {36},
  Year                     = {2010},
  Number                   = {S2},

  Doi                      = {10.5589/m10-062}
}

@Inproceedings{Apollo1516,
  Title                    = { Dielectric spectra of Apollo 15 and 16 lunar solid samples},
  Author                   = {Chung, D. H. and Westphal, W. B.},
  Booktitle                = { Proceedings of the Lunar Science Conference},
  Year                     = {1973},
  Pages                    = {3077-3091},
  Volume                   = {4}
}

@Inproceedings{Apollo14,
  Title                    = {Dielectric properties of Apollo 14 lunar samples},
  Author                   = {Chung, D. H. and Westphal, W. B. and Olhoeft, G. R.},
  Booktitle                = {Proceedings of the Lunar Science Conference},
  Year                     = {1972},
  Pages                    = {3161-3172},
  Volume                   = {3}
}

@Inproceedings{Apollo12,
  Title                    = {Dielectric behavior of lunar samples: Electromagnetic probing of the lunar interior},
  Author                   = {Chung, D. H. and Westphal, W. B. and Simmons, G.},
  Booktitle                = {Proceedings of the Lunar Science Conference},
  Year                     = {1971},
  Pages                    = {2381-2390},
  Volume                   = {2}
}

@Article{Apollo11,
  Title                    = {Dielectric properties of Apollo 11 lunar samples and their comparison with Earth materials},
  Author                   = {Chung, D. H. and Westphal, W. B. and Simmons, G.},
  Journal                  = {Journal of Geophysical Research},
  Pages                    = {6524-6531},
  Volume                   = {75},
  Year                     = {1970},
  Number                   = {32}
}

@Article{CLOUDE97,
  Title                    = {An entropy based classification scheme for land applications of polarimetric SAR},
  Author                   = {Cloude, S.R. and Pottier, E.},
  Journal                  = {IEEE Transactions on Geoscience and Remote Sensing},
  Pages                    = {68-78},
  Volume                   = {35},
  Year                     = {1997},
  Number                   = {1},

  Doi                      = {10.1109/36.551935},
  ISSN                     = {0196-2892},
  Keywords                 = {S-matrix theory;geophysical signal processing;geophysical techniques;image classification;radar imaging;radar polarimetry;radar theory;remote sensing by radar;synthetic aperture radar;S-matrix theory;average target scattering matrix parameters;coherency matrix;eigenvalue analysis;entropy based classification;geophysical measurement technique;image classification;land surface;land use;parameterization;polarimetric SAR;polarimetric scattering problem;quantitative analysis;radar polarimetry;radar remote sensing;scattering entropy;terrain mapping;three-level Bernoulli statistical model;unsupervised classifier;Data mining;Electromagnetic modeling;Electromagnetic scattering;Entropy;Polarimetry;Radar remote sensing;Radar scattering;Random media;Remote sensing;Scattering parameters}
}

@Article{Cloude96,
  Title                    = {A review of target decomposition theorems in radar polarimetry},
  Author                   = {Cloude, S.R. and Pottier, E.},
  Journal                  = {IEEE Transactions on Geoscience and Remote Sensing},
  Pages                    = {498-518},
  Volume                   = {34},
  Year                     = {1996},
  Month                    = {Mar},
  Number                   = {2},

  Doi                      = {10.1109/36.485127},
  ISSN                     = {0196-2892},
  Keywords                 = {S-matrix theory;backscatter;covariance matrices;eigenvalues and eigenfunctions;geophysical signal processing;matrix decomposition;radar cross-sections;radar imaging;radar polarimetry;remote sensing by radar;reviews;Mueller matrix;Stokes vector;backscatter;coherency matrix;coherent decomposition;covariance matrix;eigenvector analysis;radar polarimetry;scattering matrix;target decomposition theorems;terrain;transformation theory;Clouds;Covariance matrix;Light scattering;Matrix decomposition;Particle scattering;Radar polarimetry;Radar remote sensing;Radar scattering;Rayleigh scattering;Speckle}
}

@Article{Cloude2012,
  Title                    = {Compact decomposition theory},
  Author                   = {S. R. Cloude and D. G. Goodenough and H. Chen},
  Journal                  = {Geoscience and Remote Sensing Letters, IEEE},
  Pages                    = {28-32},
  Volume                   = {9},
  Year                     = {2012},
  Number                   = {1}
}

@Article{COHEN1958,
  Title                    = {Radio Astronomy Polarization Measurements},
  Author                   = {Cohen, M.H.},
  Journal                  = {Proceedings of the IRE},
  Pages                    = {172-183},
  Volume                   = {46},
  Year                     = {1958},
  Number                   = {1},

  Doi                      = {10.1109/JRPROC.1958.286729},
  ISSN                     = {0096-8390},
  Keywords                 = {Antenna accessories;Antenna measurements;Dispersion;Extraterrestrial measurements;Faraday effect;Frequency;Magnetic field measurement;Optical polarization;Radio astronomy;Stokes parameters}
}

@Article{davies1966linear,
  Title                    = {Linear Polarization of the Moon at 6, 11, and 21 cm Wavelengths},
  Author                   = {Davies, RD and Gardner, FF},
  Journal                  = {Australian Journal of Physics},
  Pages                    = {823},
  Volume                   = {19},
  Year                     = {1966}
}

@Article{Dirac1953888,
  Title                    = {The lorentz transformation and absolute time},
  Author                   = {P.A.M. Dirac},
  Journal                  = {Physica },
  Pages                    = {888--896},
  Volume                   = {19},
  Year                     = {1953},
  Number                   = {1-–12},

  Doi                      = {10.1016/S0031-8914(53)80099-6}
}

@Article{JGRE:JGRE2221,
  Title                    = {Simulation of brightness temperature from lunar surface and inversion of regolith-layer thickness},
  Author                   = {Fa, Wenzhe and Jin, Ya-Qiu},
  Journal                  = {Journal of Geophysical Research: Planets},
  Pages                    = {n/a--n/a},
  Volume                   = {112},
  Year                     = {2007},
  Number                   = {E5}
}

@Article{Fa2012,
  Title                    = {Regolith thickness over the lunar nearside: Results from Earth-based 70-cm Arecibo radar observations},
  Author                   = {W. Fa and M. A. Wieczorek},
  Journal                  = {Icarus},
  Pages                    = {771-787},
  Volume                   = {218},
  Year                     = {2012},
  Number                   = {2}
}

@Article{Fa2011,
  Title                    = {Modeling parametric radar scattering from the lunar surface: Study on the effect of phyiscal properties of the regolith layer},
  Author                   = {W. Fa and M. A. Wieczorek and E. Heggy},
  Journal                  = {Journal of Geophyiscal Research},
  Pages                    = {1-33},
  Volume                   = {116},
  Year                     = {2011},
  Number                   = {E3}
}

@Article{Feldman1998,
  Title                    = {Fluxes of fast and epithermal Neutrons from Lunar Prospector: Evidence for water ice at the lunar poles},
  Author                   = {Feldman, W. C. and Maurice, S. and Binder, A. B. and Barraclough, B. L. and Elphic, R. C. and Lawrence, D. J.},
  Journal                  = {Science},
  Pages                    = {1496-1500},
  Volume                   = {281},
  Year                     = {1998},
  Number                   = {5382}
}

@Article{Feldman2001,
  Title                    = {Evidence for water ice near the lunar poles},
  Author                   = {Feldman, W. C. and Maurice, S. and Lawrence, D. J. and Little, R. C. and Lawson, S. L. and Gasnault, O. and Wiens, R. C. and Barraclough, B. L. and Elphic, R. C. and Prettyman, T. H. and Steinberg, J. T. and Binder, A. B.},
  Journal                  = {Journal of Geophysical Research: Planets},
  Pages                    = {23231-23251},
  Volume                   = {106},
  Year                     = {2001},
  Number                   = {E10},

  ISSN                     = {2156-2202}
}

@Article{Feynman1963118,
  Title                    = {The theory of a general quantum system interacting with a linear dissipative system},
  Author                   = {R.P Feynman and F.L {Vernon Jr.}},
  Journal                  = {Annals of Physics },
  Pages                    = {118--173},
  Volume                   = {24},
  Year                     = {1963},

  Doi                      = {10.1016/0003-4916(63)90068-X}
}

@Article{freeman98,
  Title                    = {A three-component scattering model for polarimetric SAR data},
  Author                   = {Freeman, A. and Durden, S.L.},
  Journal                  = {IEEE Transactions on Geoscience and Remote Sensing},
  Pages                    = {963-973},
  Volume                   = {36},
  Year                     = {1998},
  Month                    = {May},
  Number                   = {3},

  Doi                      = {10.1109/36.673687},
  ISSN                     = {0196-2892},
  Keywords                 = {backscatter;forestry;geophysical techniques;radar cross-sections;radar polarimetry;radar theory;remote sensing by radar;synthetic aperture radar;Bragg scatter;backscatter;canopy scatter;composite scattering model;double-bounce scatter;flooding;forest;geophysical measurement technique;inundation;land surface;orthogonal surface;polarimetric SAR;radar polarimetry;radar remote sensing;radar scattering;randomly oriented dipoles;rough surface;synthetic aperture radar;terrain mapping;three-component scattering model;tropical rain forest;vegetation mapping;Backscatter;Clouds;Dielectric constant;NASA;Propulsion;Radar scattering;Rain;Rough surfaces;Surface fitting;Surface roughness}
}

@Book{fung1994microwave,
  Title                    = {Microwave Scattering and Emission Models and Their Applications},
  Author                   = {A.K. Fung},
  Publisher                = {Artech House, Incorporated},
  Year                     = {1994},
  Series                   = {Artech House signal processing library},

  ISBN                     = {9780890065235},
  Lccn                     = {94041694}
}

@Inproceedings{Apollo17,
  Title                    = { Electrical properties of Apollo 17 rock and soil samples and a summary of the electrical properties of lunar material at 450 MHz frequency},
  Author                   = {Gold, T. and Bilson, E. and Baron, R. L.},
  Booktitle                = { Proceedings of the Lunar Science Conference},
  Year                     = {1976},
  Pages                    = {2593-2603},
  Volume                   = {3}
}

@Article{Greenhagen2010,
  Title                    = {Global silicate mineralogy of the Moon from the Diviner Lunar Radiometer},
  Author                   = {Greenhagen, Benjamin T and Lucey, Paul G and Wyatt, Michael B and Glotch, Timothy D and Allen, Carlton C and Arnold, Jessica A and Bandfield, Joshua L and Bowles, Neil E and Hanna, Kerri L Donaldson and Hayne, Paul O and others},
  Journal                  = {Science},
  Pages                    = {1507-1509},
  Volume                   = {329},
  Year                     = {2010},
  Number                   = {5998}
}

@InCollection{Horz_etal_1991,
  Title                    = {Lunar Surface Processes},
  Author                   = { Hörz, F., Grieve, R., Heiken, G., Spudis, P., and
 Binder, A.},
  Booktitle                = { Lunar source book: A User’s Guide to the Moon },
  Publisher                = { Cambridge Univ. Press },
  Year                     = {1991},

  Address                  = { New York },
  Editor                   = { Heiken G. H., Vaniman D. T., and French B. M. },
  Pages                    = {65}
}

@Article{Hagfors1969,
  Title                    = {Determination of the Albedo of the Moon at a Wavelength of 6 m},
  Author                   = {T. Hagfors and J. L. Green and A. Guillen},
  Journal                  = {The Astronomical Journal},
  Pages                    = {1214-1219},
  Volume                   = {74},
  Year                     = {1969}
}

@Article{Hiesinger2006,
  Title                    = {New views of lunar geoscience: an introduction and overview},
  Author                   = {H. Hiesinger and J.W. Head},
  Journal                  = {Reviews in Mineralogy and Geochemistry},
  Pages                    = {1-81},
  Volume                   = {60},
  Year                     = {2006}
}

@Book{huynen1970,
  Title                    = {Phenomenological theory of radar targets},
  Author                   = {Huynen, J.R.},
  Publisher                = {Drukkerij Bronder-Offset N.V.},
  Year                     = {1970},

  Lccn                     = {77850147}
}

@Article{ishimaru1991,
  Title                    = {Wave propagation and scattering in random media and rough surfaces},
  Author                   = {A. Ishimaru},
  Journal                  = {Proceedings of the IEEE},
  Pages                    = {1359-1366},
  Volume                   = {79},
  Year                     = {1991},
  Number                   = {10}
}

@Article{Kailath67,
  Title                    = {The Divergence and Bhattacharyya Distance Measures in Signal Selection},
  Author                   = {Kailath, T.},
  Journal                  = {Communication Technology, IEEE Transactions on},
  Pages                    = {52-60},
  Volume                   = {15},
  Year                     = {1967},
  Month                    = {February},
  Number                   = {1},

  Doi                      = {10.1109/TCOM.1967.1089532},
  ISSN                     = {0018-9332},
  Keywords                 = {Communication theory;Detection;Digital signals;Fading;Matched filters;signal-to-noise ratio (SNR);Error probability;Fading;History;Information theory;Matched filters;Radar detection;Radar theory;Signal detection;Signal to noise ratio;Statistics}
}

@Article{Kersten05,
  Title                    = {Unsupervised classification of polarimetric synthetic aperture Radar images using fuzzy clustering and EM clustering},
  Author                   = {Kersten, P.R. and Jong-Sen Lee and Ainsworth, T.L.},
  Journal                  = {IEEE Transactions on Geoscience and Remote Sensing},
  Pages                    = {519-527},
  Volume                   = {43},
  Year                     = {2005},
  Month                    = {March},
  Number                   = {3},

  Doi                      = {10.1109/TGRS.2004.842108},
  ISSN                     = {0196-2892},
  Keywords                 = {fuzzy set theory;geophysical signal processing;geophysical techniques;image classification;pattern clustering;radar imaging;radar polarimetry;remote sensing by radar;synthetic aperture radar;EM clustering;Wishart distribution;clustering techniques;covariance matrices;expectation-maximization algorithm;fuzzy C-means clustering;fuzzy clustering algorithms;image classification;pixel model;polarimetric synthetic aperture radar;unsupervised classification;Clustering algorithms;Covariance matrix;Image classification;Polarimetric synthetic aperture radar;Probability distribution;Robustness;Statistical analysis;Statistical distributions;Synthetic aperture radar;Testing}
}

@Article{Kimura08,
  Title                    = {Radar Polarization Orientation Shifts in Built-Up Areas},
  Author                   = {Kimura, H.},
  Journal                  = {Geoscience and Remote Sensing Letters, IEEE},
  Pages                    = {217-221},
  Volume                   = {5},
  Year                     = {2008},
  Month                    = {April},
  Number                   = {2},

  Doi                      = {10.1109/LGRS.2008.915737},
  ISSN                     = {1545-598X},
  Keywords                 = {backscatter;radar polarimetry;remote sensing by radar;synthetic aperture radar;Gifu;HH polarization;Japan Aerospace Exploration Agency;Pi-SAR L-band polarimetric data;VH polarization;backscatter;double-bounce scattering;radar incidence angle;radar polarization orientation shift;rugged terrain;scattering model;street orientation angle;tilted ground-surface patch;urban area;wall orientation angle;Polarization orientation shift;radar polarimetry;urban areas}
}

@Article{Lee2011,
  Title                    = {The Effect of Orientation Angle Compensation on Coherency Matrix and Polarimetric Target Decompositions},
  Author                   = {Jong-Sen Lee and Ainsworth, T.L.},
  Journal                  = {IEEE Transactions on Geoscience and Remote Sensing},
  Pages                    = {53-64},
  Volume                   = {49},
  Year                     = {2011},
  Month                    = {Jan},
  Number                   = {1},

  Doi                      = {10.1109/TGRS.2010.2048333},
  ISSN                     = {0196-2892},
  Keywords                 = {electromagnetic wave reflection;electromagnetic wave scattering;radar polarimetry;radar signal processing;target tracking;coherency matrix;double bounce power;orientation angle compensation;polarimetric radar signature;polarimetric target decomposition;polarization orientation angle;reflection symmetry;scattering media affect;surface scattering power;volume scattering power;Anisotropic magnetoresistance;Azimuth;Entropy;Frequency;Information analysis;Matrix decomposition;Polarization;Radar polarimetry;Radar scattering;Reflection;Polarimetric synthetic aperture radar (PolSAR);radar polarimetry;target decomposition}
}

@Article{Lee2000,
  Title                    = {Polarimetric SAR data compensation for terrain azimuth slope variation},
  Author                   = {Jong-Sen Lee and Schuler, D.L. and Ainsworth, T.L.},
  Journal                  = {IEEE Transactions on Geoscience and Remote Sensing},
  Pages                    = {2153-2163},
  Volume                   = {38},
  Year                     = {2000},
  Month                    = {Sep},
  Number                   = {5},

  Doi                      = {10.1109/36.868874},
  ISSN                     = {0196-2892},
  Keywords                 = {geophysical techniques;radar imaging;radar polarimetry;remote sensing by radar;synthetic aperture radar;terrain mapping;POLSAR;azimuth slope variation;data compensation;effective scattering pixel area;geophysical measurement technique;land surface;polarimetric SAR;polarization;radar cross section;radar imaging;radar polarimetry;radar remote sensing;radiometric slope correction;synthetic aperture radar;terrain mapping;Azimuth;Digital elevation models;Matrix decomposition;NASA;Parameter estimation;Polarization;Radar cross section;Radar scattering;Radiometry;Synthetic aperture radar}
}

@Article{Lucey2004,
  Title                    = {Mineral maps of the Moon},
  Author                   = {Lucey, P. G.},
  Journal                  = {Geophysical Research Letters},
  Volume                   = {31},
  Year                     = {2004},
  Number                   = {8}
}

@Article{Lucey2000,
  Title                    = {Lunar iron and titanium abundance algorithms based on final 
 processing of {C}lementine ultraviolet-visible images},
  Author                   = {Lucey, Paul G and Blewett, David T and Jolliff, Bradley L},
  Journal                  = {Journal of Geophysical Research: Planets},
  Pages                    = {20297-20305},
  Volume                   = {105},
  Year                     = {2000},
  Number                   = {E8}
}

@InCollection{heiken1991lunarch7,
  Title                    = {The Lunar Regolith},
  Author                   = { D. S. McKay and G. Heiken and A. Basu and G. Blanford and
 S. Simon and R. Reedy and B. M. French and J. Papike },
  Booktitle                = { Lunar Source Book: A User's Guide to the Moon },
  Publisher                = { Cambridge Univ. Press },
  Year                     = {1991},

  Address                  = { New York },
  Editor                   = { G. H. Heiken and D. T. Vaniman, and B. M. French },
  Pages                    = {285-356}
}

@Article{nozette2010lunar,
  Title                    = {The Lunar Reconnaissance Orbiter miniature radio frequency (Mini-RF) technology demonstration},
  Author                   = {Nozette, Stewart and Spudis, Paul and Bussey, Ben and Jensen, Robert and Raney, Keith and Winters, Helene and Lichtenberg, Christopher L and Marinelli, William and Crusan, Jason and Gates, Michele and others},
  Journal                  = {Space science reviews},
  Pages                    = {285-302},
  Volume                   = {150},
  Year                     = {2010},
  Number                   = {1-4}
}

@Article{Olhoeft1975,
  Title                    = {Dielectric properties of the first 100 meters of the Moon},
  Author                   = {Olhoeft, GR and Strangway, DW},
  Journal                  = {Earth and Planetary Science Letters},
  Pages                    = {394-404},
  Volume                   = {24},
  Year                     = {1975},
  Number                   = {3}
}

@Article{Olhoeft1974,
  Title                    = {Electrical properties of lunar soil sample 15301,38},
  Author                   = {Olhoeft, G. R. and Frisillo, A. L. and Strangway, D. W.},
  Journal                  = {Journal of Geophysical Research},
  Pages                    = {1599-1604},
  Volume                   = {79},
  Year                     = {1974},
  Number                   = {11}
}

@Article{Pieters2009,
  Title                    = {Character and spatial distribution of {OH/H$_2$O} on the surface of the Moon seen by {$M3$} on {C}handrayaan-1},
  Author                   = {Pieters, CM and Goswami, JN and Clark, RN and Annadurai, M and Boardman, J and Buratti, B and Combe, J-P and Dyar, MD and Green, R and Head, JW and others},
  Journal                  = {Science},
  Pages                    = {568-572},
  Volume                   = {326},
  Year                     = {2009},
  Number                   = {5952}
}

@Article{RANEY2007,
  Title                    = {Hybrid-Polarity SAR Architecture},
  Author                   = {Raney, R.K.},
  Journal                  = {IEEE Transactions on Geoscience and Remote Sensing},
  Pages                    = {3397-3404},
  Volume                   = {45},
  Year                     = {2007},
  Number                   = {11},

  Doi                      = {10.1109/TGRS.2007.895883},
  ISSN                     = {0196-2892},
  Keywords                 = {backscatter;polarisation;radar polarimetry;spaceborne radar;synthetic aperture radar;CL-pol SAR;Stokes parameters;backscattered field;circular polarization;dual polarization;hybrid-polarity SAR architecture;lunar radars;m-delta method;orthogonal polarization basis;polarization transmission;synthetic aperture radar;Calibration;circular polarization;compact polarimetry;decomposition;synthetic aperture radar (SAR)}
}

@Article{RANEY2011,
  Title                    = {The Lunar Mini-RF Radars: Hybrid Polarimetric Architecture and Initial Results},
  Author                   = {Raney, R.K. and Spudis, P.D. and Bussey, B. and Crusan, J. and Jensen, J.R. and Marinelli, W. and McKerracher, P. and Neish, C. and Palsetia, M. and Schulze, R. and Sequeira, H.B. and Winters, H.},
  Journal                  = {Proceedings of the IEEE},
  Pages                    = {808-823},
  Volume                   = {99},
  Year                     = {2011},
  Number                   = {5},

  Doi                      = {10.1109/JPROC.2010.2084970},
  ISSN                     = {0018-9219},
  Keywords                 = {astronomical image processing;covariance matrices;lunar surface;polarisation;radar antennas;radar astronomy;radar imaging;radar polarimetry;radioastronomical techniques;solar system;spaceborne radar;Chandrayaan-1;Lunar Reconnaissance Orbiter;antenna areas;backscattered field;circular polarization;covariance matrix;data quality;data support calculation;exploratory radar missions;four Stokes parameters;hybrid polarimetric architecture;hybrid polarity;instrument characteristics;lunar mini-RF radars;mini-radio-frequency radars;near-polar lunar orbits;orthogonal linear polarizations;polarimetric decompositions;radar astronomy;solar system;spacecraft accommodation requirements;Moon;Polarization;Radar antennas;Radar imaging;Radar polarimetry;Space exploration;Spaceborne radar;Circular polarization ratio;Stokes parameters;polarimetric radar;radar astronomy;synthetic aperture radar}
}

@Inproceedings{raney2007decomposition,
  Title                    = {Decomposition of hybrid-polarity SAR data},
  Author                   = {Raney, R Keith},
  Booktitle                = {PolIn-SAR 2007: Proceedings of the 3rd International Workshop on Science and Applications},
  Year                     = {2007},
  Pages                    = {22--26}
}

@Article{RANEY2012,
  Title                    = {The m-chi decomposition of hybrid dual-polarimetric radar data with application to lunar craters},
  Author                   = {Raney, R. Keith and Cahill, Joshua T. S. and Patterson, G. Wesley and Bussey, D. Benjamin J.},
  Journal                  = {Journal of Geophysical Research: Planets},
  Pages                    = {n/a--n/a},
  Volume                   = {117},
  Year                     = {2012},
  Number                   = {E12},

  Doi                      = {10.1029/2011JE003986},
  ISSN                     = {2156-2202},
  Keywords                 = {Mini-RF, Mini-SAR, Stokes parameters, lunar regolith, radar scattering, synthetic aperture radar},
  Url                      = {http://dx.doi.org/10.1029/2011JE003986}
}

@Article{SABRY2013PP,
  Title                    = {A Unified Framework for General Compact and Quad Polarimetric SAR Data and Imagery Analysis},
  Author                   = {Sabry, R. and Vachon, P. W.},
  Journal                  = {IEEE Transactions on Geoscience and Remote Sensing},
  Pages                    = {1-21},
  Volume                   = {PP},
  Year                     = {2013},
  Number                   = {--},

  Doi                      = {10.1109/TGRS.2013.2242479},
  ISSN                     = {0196-2892},
  Keywords                 = {Compactpolarimetry;decomposition;radar polarimetry;radar signature;synthetic aperture radar (SAR)}
}

@InCollection{Schaber1969,
  Title                    = {Geologic Map of Sinus Iridum Quadrangle of the Moon (LAC-24), Scale 1:1,000,000},
  Author                   = {G. G. Schaber},
  Publisher                = { U. S. Geological Survey Publication I-602 },
  Year                     = {1969}
}

@Article{Schuler96,
  Title                    = {Measurement of topography using polarimetric SAR images},
  Author                   = {Schuler, D.L. and Jong-Sen Lee and De Grandi, G.},
  Journal                  = {IEEE Transactions on Geoscience and Remote Sensing},
  Pages                    = {1266-1277},
  Volume                   = {34},
  Year                     = {1996},
  Month                    = {Sep},
  Number                   = {5},

  Doi                      = {10.1109/36.536542},
  ISSN                     = {0196-2892},
  Keywords                 = {geophysical techniques;radar imaging;radar polarimetry;remote sensing by radar;synthetic aperture radar;topography (Earth);Baden Wurttemberg;Black Forest;Germany;L-band;P-band;Schwenningen;UHF radar;Villingen;azimuthal tilt;copolarization backscatter;elevation;geophysical measurement technique;land surface topography;polarimetric SAR image;radar imaging;radar polarimetry;radar remote sensing;synthetic aperture radar;terrain mapping;terrain slope;Area measurement;Backscatter;L-band;Polarimetric synthetic aperture radar;Radar measurements;Radar scattering;Surfaces;Synthetic aperture radar;Terrain mapping;Testing}
}

@Inproceedings{Simmons1973,
  Title                    = {Surface Electrical Properties Experiment},
  Author                   = {Simmons, Gene and Strangway, David and Annan, Peter and Baker, Richard and Bannister, Lawrence and Brown, Raymon and Cooper, William and Cubley, Dean and Debettencourt, Joseph and England, Anthony W and others},
  Booktitle                = {Apollo 17: Preliminary Science Report},
  Year                     = {1973},
  Pages                    = {15-1--15-14},
  Volume                   = {330}
}

@Article{singh13,
  Title                    = {General Four-Component Scattering Power Decomposition With Unitary Transformation of Coherency Matrix},
  Author                   = {Singh, G. and Yamaguchi, Y. and Park, S.-E.},
  Journal                  = {IEEE Transactions on Geoscience and Remote Sensing},
  Pages                    = {3014-3022},
  Volume                   = {51},
  Year                     = {2013},
  Month                    = {May},
  Number                   = {5},

  Doi                      = {10.1109/TGRS.2012.2212446},
  ISSN                     = {0196-2892},
  Keywords                 = {Matrix decomposition;Polarimetric synthetic aperture radar;Radar polarimetry;Scattering;Urban areas;Polarimetric synthetic aperture radar (POLSAR);radar polarimetry;scattering power decomposition}
}

@Inproceedings{SINGH2011,
  Title                    = {4-Component Scattering Power Decomposition with phase rotation of coherency matrix},
  Author                   = {Singh, G. and Yamaguchi, Y. and Park, S-E},
  Booktitle                = {Geoscience and Remote Sensing Symposium (IGARSS), 2011 IEEE International},
  Year                     = {2011},
  Pages                    = {4103-4106},

  Doi                      = {10.1109/IGARSS.2011.6050135},
  ISSN                     = {2153-6996},
  Keywords                 = {electromagnetic wave scattering;radar imaging;radar polarimetry;synthetic aperture radar;4-CSPD scheme;4-component scattering power decomposition scheme;coherency matrix;phase rotated matrix element T33 minimization;phase rotation;polarimetric SAR data;Image color analysis;Matrix decomposition;Radar polarimetry;Remote sensing;Scattering;Surface topography;ALOS-PALSAR;Phase rotation;Pi-SAR;coherency matrix;four component scattering power decomposition;polarimetry}
}

@Article{Soboleva1964,
  Title                    = { The Possibility of Observing the Polarization of Thermal Radio Emission of Planets},
  Author                   = {Soboleva, N. S. and Pariiskii, Yu. N.},
  Journal                  = {Soviet Astronomy},
  Pages                    = {282-284},
  Volume                   = {8},
  Year                     = {1964},
  Number                   = {2}
}

@Article{SOUYRIS2005,
  Title                    = {Compact polarimetry based on symmetry properties of geophysical media: the pi;/4 mode},
  Author                   = {Souyris, J-C and Imbo, P. and Fjortoft, R. and Sandra Mingot and Jong-Sen Lee},
  Journal                  = {IEEE Transactions on Geoscience and Remote Sensing},
  Pages                    = {634-646},
  Volume                   = {43},
  Year                     = {2005},
  Number                   = {3},

  Doi                      = {10.1109/TGRS.2004.842486},
  ISSN                     = {0196-2892},
  Keywords                 = {crops;forestry;geophysical signal processing;image classification;radar imaging;radar polarimetry;remote sensing by radar;synthetic aperture radar;vegetation mapping;AIRSAR images;France;Gascony;Jet Propulsion Laboratory;L-band SIRC images;Landes forest;XSAR images;compact polarimetry architecture;crop classification;full polarimetric information;geophysical media;partial polarimetry;radar polarimetry;spaceborne radar;synthetic aperture radar;Geophysical measurements;Image analysis;Image reconstruction;Information analysis;Polarization;Radar imaging;Radar measurements;Radar polarimetry;Synthetic aperture radar;Transmitters}
}

@Article{Spudis2010,
  Title                    = {Initial results for the north pole of the Moon from {M}ini-{SAR}, {C}handrayaan-1 mission},
  Author                   = {Spudis, PD and Bussey, DBJ and Baloga, SM and Butler, BJ and Carl, D and Carter, Lynn M and Chakraborty, M and Elphic, RC and Gillis-Davis, JJ and Goswami, JN and others},
  Journal                  = {Geophysical Research Letters},
  Volume                   = {37},
  Year                     = {2010},
  Number                   = {6}
}

@Article{Spudis2013,
  Title                    = {Evidence for water ice on the Moon: Results for anomalous polar craters from the {LRO} {Mini-RF} imaging radar},
  Author                   = {Spudis, PD and Bussey, DBJ and Baloga, SM and Cahill, JTS and Glaze, LS and Patterson, GW and Raney, RK and Thompson, TW and Thomson, BJ and Ustinov, EA},
  Journal                  = {Journal of Geophysical Research: Planets},
  Pages                    = {2016-2029},
  Volume                   = {118},
  Year                     = {2013},
  Number                   = {10}
}

@Inproceedings{spudis2005mini,
  Title                    = {Mini-SAR: an imaging radar for the Chandrayaan-1 mission to the Moon},
  Author                   = {Spudis, Paul D and Bussey, DBJ and Lichtenberg, Chris and Marinelli, Bill and Nozette, Stewart},
  Booktitle                = {36th Annual Lunar and Planetary Science Conference},
  Year                     = {2005},
  Pages                    = {1153},
  Volume                   = {36}
}

@Article{stokes1851composition,
  Title                    = {On the composition and resolution of streams of polarized light from different sources},
  Author                   = {Stokes, George Gabriel},
  Journal                  = {Transactions of the Cambridge Philosophical Society},
  Pages                    = {399},
  Volume                   = {9},
  Year                     = {1851}
}

@Article{Strangway1972,
  Title                    = {Electrical properties of lunar soil dependence on frequency, temperature and moisture},
  Author                   = {D.W. Strangway and W.B. Chapman and G.R. Olhoeft and J. Carnes},
  Journal                  = {Earth and Planetary Science Letters,},
  Pages                    = {275 - 281},
  Volume                   = {16},
  Year                     = {1972},
  Number                   = {2}
}

@Inproceedings{Strangway1977,
  Title                    = {Magnetic and dielectric properties of lunar samples},
  Author                   = {Strangway, D. W. and Pearce, G. W. and Ohloeft, G. R.},
  Booktitle                = {Proceedings of The Soviet-American Conference on Cosmochemistry of the Moon and Planets},
  Year                     = {1977},
  Pages                    = {417-433},
  Volume                   = {370}
}

@Article{Tikhonova1970,
  Title                    = {The Spectral Reflection Coefficient of the Lunar Surface for Radio Waves, and the Depth Dependence of the Soil Properties},
  Author                   = {T. V. Tikhonova and V. S. Troitskii },
  Journal                  = {Soviet Astronomy,},
  Pages                    = {1039-1041},
  Volume                   = {13},
  Year                     = {1970},
  Number                   = {6}
}

@Article{TOUZI2007,
  Title                    = {Target Scattering Decomposition in Terms of Roll-Invariant Target Parameters},
  Author                   = {Touzi, R.},
  Journal                  = {IEEE Transactions on Geoscience and Remote Sensing},
  Pages                    = {73-84},
  Volume                   = {45},
  Year                     = {2007},
  Number                   = {1},

  Doi                      = {10.1109/TGRS.2006.886176},
  ISSN                     = {0196-2892},
  Keywords                 = {S-matrix theory;airborne radar;geophysical techniques;radar theory;remote sensing by radar;synthetic aperture radar;Canada;Cloude-Pottier incoherent target decomposition;Cloude-Pottier scattering type;Kennaugh-Huynen scattering matrix condiagonalization;Ontario;Pauli basis;Ramsar Mer Bleue wetland site;asymmetric scattering;coherent target scattering;entropy;maximum polarization parameters;polarimetric Convair-580 airborne SAR;polarization basis invariant representation;roll invariant target parameters;scattering vector model;symmetric scattering magnitude;symmetric scattering phase;synthetic aperture radar;target orientation angle;target phase parameters;target scattering decomposition;Eigenvalues and eigenfunctions;Entropy;Matrix decomposition;Polarimetry;Polarization;Radar scattering;Scattering parameters;Speckle;Symmetric matrices;Synthetic aperture radar;Characteristic decompostion;coherency;coherent;diagonalization;eigenvalues;eigenvectors;entropy;incoherent;polarimetry;speckle;synthetic aperture radar (SAR);wetlands}
}

@Article{Tyler1968,
  Title                    = {Oblique-scattering radar reflectivity of the lunar surface: Preliminary results from Explorer 35},
  Author                   = {G. L. Tyler},
  Journal                  = {Journal of Geophysical Research},
  Pages                    = {7609-7620},
  Volume                   = {73},
  Year                     = {1968},
  Number                   = {24}
}

@Article{Vondrak10,
  Title                    = {Lunar Reconnaissance Orbiter (LRO): Observations for Lunar Exploration and Science},
  Author                   = {Vondrak, Richard and Keller, John and Chin, Gordon and Garvin, James},
  Journal                  = {Space Science Reviews},
  Pages                    = {7-22},
  Volume                   = {150},
  Year                     = {2010},
  Number                   = {1-4},

  Doi                      = {10.1007/s11214-010-9631-5},
  ISSN                     = {0038-6308},
  Keywords                 = {Moon; Lunar; Remote sensing; Spacecraft},
  Language                 = {English},
  Publisher                = {Springer Netherlands},
  Url                      = {http://dx.doi.org/10.1007/s11214-010-9631-5}
}

@Article{wang2010lunar,
  Title                    = {Lunar surface dielectric constant, regolith thickness, and 3He abundance distributions retrieved from the microwave brightness temperatures of CE-1 Lunar Microwave Sounder},
  Author                   = {Wang, ZhenZhan and Li, Yun and Jiang, JingShan and Li, DiHui},
  Journal                  = {Science China Earth Sciences},
  Pages                    = {1365--1378},
  Volume                   = {53},
  Year                     = {2010},
  Number                   = {9},

  Publisher                = {Springer}
}

@Article{Wolfe1981,
  Title                    = {Geologic Investigation of the Taurus-Littrow Valley: Apollo 17
Landing Site},
  Author                   = {E. W. Wolfe and N. G. Bailey and B. K. Lucchitta and W. R. Muehlberger and D. H. Scott and R. L. Sutton and H. G. Wilshire },
  Journal                  = {Science},
  Pages                    = {672-680},
  Volume                   = {182},
  Year                     = {1973},
  Number                   = {4113}
}

@Article{Woodhouse11,
  Title                    = {A standard index of spatial resolution for distributed targets in synthetic aperture radar imagery},
  Author                   = {Woodhouse, I. H. and Marino, A. and Cameron, I.},
  Journal                  = {International Journal of Remote Sensing},
  Pages                    = {7929-7938},
  Volume                   = {32},
  Year                     = {2011},
  Number                   = {23},

  Doi                      = {10.1080/01431161.2010.502546},
  Eprint                   = { 
 http://dx.doi.org/10.1080/01431161.2010.502546
 
},
  Url                      = { 
 http://dx.doi.org/10.1080/01431161.2010.502546
 
}
}

@Article{Feng05,
  Title                    = {Deorientation theory of polarimetric scattering targets and application to terrain surface classification},
  Author                   = {Feng Xu and Ya-Qiu Jin},
  Journal                  = {IEEE Transactions on Geoscience and Remote Sensing},
  Pages                    = {2351-2364},
  Volume                   = {43},
  Year                     = {2005},
  Month                    = {Oct},
  Number                   = {10},

  Doi                      = {10.1109/TGRS.2005.855064},
  ISSN                     = {0196-2892},
  Keywords                 = {image classification;radar polarimetry;remote sensing by radar;synthetic aperture radar;terrain mapping;AirSAR;Boreal district;Canada;China;Guangdong Hui-Yang district;deorientation theory;entropy;polarimetric scattering;synthetic aperture radar;target orientation;target scattering;terrain surface classification;unsupervised classification;Entropy;Numerical simulation;Optical scattering;Optical surface waves;Particle scattering;Polarimetric synthetic aperture radar;Radar scattering;Remote sensing;Scattering parameters;Synthetic aperture radar;Deorientation;polarimetric synthetic aperture radar (SAR);unsupervised classification}
}

@Article{Xu05,
  Title                    = {Deorientation theory of polarimetric scattering targets and application to terrain surface classification},
  Author                   = {Feng Xu and Ya-Qiu Jin},
  Journal                  = {IEEE Transactions on Geoscience and Remote Sensing},
  Pages                    = {2351-2364},
  Volume                   = {43},
  Year                     = {2005},
  Month                    = {Oct},
  Number                   = {10},

  Doi                      = {10.1109/TGRS.2005.855064},
  ISSN                     = {0196-2892},
  Keywords                 = {image classification;radar polarimetry;remote sensing by radar;synthetic aperture radar;terrain mapping;AirSAR;Boreal district;Canada;China;Guangdong Hui-Yang district;deorientation theory;entropy;polarimetric scattering;synthetic aperture radar;target orientation;target scattering;terrain surface classification;unsupervised classification;Entropy;Numerical simulation;Optical scattering;Optical surface waves;Particle scattering;Polarimetric synthetic aperture radar;Radar scattering;Remote sensing;Scattering parameters;Synthetic aperture radar;Deorientation;polarimetric synthetic aperture radar (SAR);unsupervised classification}
}

@Article{Yamaguchi05,
  Title                    = {Four-component scattering model for polarimetric SAR image decomposition},
  Author                   = {Yamaguchi, Y. and Moriyama, T. and Ishido, M. and Yamada, H.},
  Journal                  = {IEEE Transactions on Geoscience and Remote Sensing},
  Pages                    = {1699-1706},
  Volume                   = {43},
  Year                     = {2005},
  Month                    = {Aug},
  Number                   = {8},

  Doi                      = {10.1109/TGRS.2005.852084},
  ISSN                     = {0196-2892},
  Keywords                 = {covariance matrices;geophysical signal processing;probability;radar polarimetry;remote sensing by radar;synthetic aperture radar;asymmetric covariance matrix;cloud;co-pol correlation;cross-pol correlation;dipole scatterers;double bounce scattering;four-component scattering model;helix scattering power;image decomposition;nonreflection symmetric scattering;polarimetric SAR;probability density function;radar polarimetry;reflection symmetry condition;scattering contribution decomposition;surface scattering;symmetric covariance matrix;synthetic aperture radar;three-component decomposition method;urban area scattering;volume scattering;Backscatter;Clouds;Covariance matrix;Image decomposition;Polarimetric synthetic aperture radar;Probability density function;Radar scattering;Reflection;Synthetic aperture radar;Urban areas;Polarimetric synthetic aperture radar (POLSAR);radar polarimetry;scattering contribution decomposition;symmetric and asymmetric covariance matrix}
}

@Article{Yamaguchi2005,
  Title                    = {Four-component scattering model for polarimetric SAR image decomposition},
  Author                   = {Yamaguchi, Y. and Moriyama, T. and Ishido, M. and Yamada, H.},
  Journal                  = {IEEE Transactions on Geoscience and Remote Sensing},
  Pages                    = {1699-1706},
  Volume                   = {43},
  Year                     = {2005},
  Month                    = {Aug},
  Number                   = {8},

  Doi                      = {10.1109/TGRS.2005.852084},
  ISSN                     = {0196-2892},
  Keywords                 = {covariance matrices;geophysical signal processing;probability;radar polarimetry;remote sensing by radar;synthetic aperture radar;asymmetric covariance matrix;cloud;co-pol correlation;cross-pol correlation;dipole scatterers;double bounce scattering;four-component scattering model;helix scattering power;image decomposition;nonreflection symmetric scattering;polarimetric SAR;probability density function;radar polarimetry;reflection symmetry condition;scattering contribution decomposition;surface scattering;symmetric covariance matrix;synthetic aperture radar;three-component decomposition method;urban area scattering;volume scattering;Backscatter;Clouds;Covariance matrix;Image decomposition;Polarimetric synthetic aperture radar;Probability density function;Radar scattering;Reflection;Synthetic aperture radar;Urban areas;Polarimetric synthetic aperture radar (POLSAR);radar polarimetry;scattering contribution decomposition;symmetric and asymmetric covariance matrix}
}

@Article{YAMAGUCHI2011,
  Title                    = {Four-Component Scattering Power Decomposition With Rotation of Coherency Matrix},
  Author                   = {Yamaguchi, Y. and Sato, A. and Boerner, W-M and Sato, R. and Yamada, H.},
  Journal                  = {IEEE Transactions on Geoscience and Remote Sensing},
  Pages                    = {2251-2258},
  Volume                   = {49},
  Year                     = {2011},
  Number                   = {6},

  Doi                      = {10.1109/TGRS.2010.2099124},
  ISSN                     = {0196-2892},
  Keywords                 = {geophysical image processing;radar polarimetry;synthetic aperture radar;vegetation mapping;coherency matrix rotation;four-component decomposition yield;four-component scattering power decomposition;fully polarimetric SAR image;oriented urban area;polarimetric response analysis;polarimetric synthetic aperture radar image classification;vegetation signature;volume scattering mechanism;Lighting;Matrix decomposition;Radar imaging;Scattering;Urban areas;Vegetation mapping;Coherency matrix rotation;deorientation;polarimetric synthetic aperture radar (POLSAR);radar polarimetry;scattering power decomposition}
}

@Inproceedings{YAMAGUCHI2012,
  Title                    = {Scattering power decomoosition using fully polarimetric information},
  Author                   = {Yamaguchi, Y. and Singh, G. and Sang-Eun Park and Yamada, H.},
  Booktitle                = {Geoscience and Remote Sensing Symposium (IGARSS), 2012 IEEE International},
  Year                     = {2012},
  Pages                    = {91-94},

  Doi                      = {10.1109/IGARSS.2012.6351629},
  ISSN                     = {2153-6996},
  Keywords                 = {covariance matrices;geophysical image processing;radar imaging;radar polarimetry;statistics;synthetic aperture radar;ALOS-PALSAR;San Francisco;coherency matrix measurement;covariance matrix;double unitary transformation;expansion matrices;four-component scattering power decomposition method;full polarimetric information;full-color image;independent polarization parameters;physical scattering model;second order statistics;Covariance matrix;Mathematical model;Matrix decomposition;Remote sensing;Scattering;Synthetic aperture radar;Transforms;polarimetry;scattering power decomposition}
}

@Article{Yan2010,
  Title                    = {Minerals mapping of the lunar surface with {C}lementine {UVVIS/NIR} data based on spectra unmixing method and Hapke model},
  Author                   = {Yan, Bokun and Wang, Runsheng and Gan, Fuping and Wang, Zhenchao},
  Journal                  = {Icarus},
  Pages                    = {11-19},
  Volume                   = {208},
  Year                     = {2010},
  Number                   = {1}
}

@Article{YUEH94,
  Title                    = {Polarimetric scattering and emission properties of targets with reflection symmetry},
  Author                   = {Yueh, Simon H. and Kwok, Ronald and Nghiem, Son V.},
  Journal                  = {Radio Science},
  Pages                    = {1409--1420},
  Volume                   = {29},
  Year                     = {1994},
  Number                   = {6},

  Doi                      = {10.1029/94RS02228},
  ISSN                     = {1944-799X},
  Url                      = {http://dx.doi.org/10.1029/94RS02228}
}

@Article{ZEBKER1991,
  Title                    = {Imaging radar polarimetry: a review},
  Author                   = {Zebker, H.A. and Van Zyl, J.J.},
  Journal                  = {Proceedings of the IEEE},
  Pages                    = {1583-1606},
  Volume                   = {79},
  Year                     = {1991},
  Number                   = {11},

  Doi                      = {10.1109/5.118982},
  ISSN                     = {0018-9219},
  Keywords                 = {calibration;electromagnetic wave polarisation;geophysical techniques;polarimetry;remote sensing by radar;calibration;imaging radar polarimetry;polarimetric measurements;remotely sensed data;sensor technology;signal processing;Antenna measurements;Electromagnetic scattering;Instruments;Polarization;Radar antennas;Radar imaging;Radar measurements;Radar polarimetry;Radar scattering;Spaceborne radar}
}

@Article{1674-4527-12-9-010,
  Title                    = {New radio observations of the Moon at L band},
  Author                   = {Xi-Zhen Zhang and Andrew Gray and Yan Su and Jun-Duo Li and Tom Landecker and Hong-Bo Zhang and Chun-Lai Li},
  Journal                  = {Research in Astronomy and Astrophysics},
  Pages                    = {1297},
  Volume                   = {12},
  Year                     = {2012},
  Number                   = {9}
}

@Article{VANZYL1987,
  Title                    = {Imaging radar polarization signatures: Theory and observation},
  Author                   = {van Zyl, Jakob J. and Zebker, Howard A. and Elachi, Charles},
  Journal                  = {Radio Science},
  Pages                    = {529--543},
  Volume                   = {22},
  Year                     = {1987},
  Number                   = {4},

  Doi                      = {10.1029/RS022i004p00529},
  ISSN                     = {1944-799X},
  Url                      = {http://dx.doi.org/10.1029/RS022i004p00529}
}

@Article{GoudailRefreger:2004,
  Title                    = {Contrast Definition for Optical Coherent Polarimetric Images},
  Author                   = {F. Goudail and P. R\'efr\'egier},
  Journal                  = {IEEE Transactions on Pattern Analysis and Machine Intelligence},
  Pages                    = {947--951},
  Volume                   = {26},
  Year                     = {2004},
  Number                   = {7},
  Doi                      = {10.1109/TPAMI.2004.22},
}

@Article{NascimentoCintraFreryIEEETGARS,
  Title                    = {Hypothesis Testing in Speckled Data with Stochastic Distances},
  Author                   = {A. D. C. Nascimento and Cintra, R. J. and Frery, A. C.},
  Journal                  = {IEEE Transactions on Geoscience and Remote Sensing},
  Pages                    = {373--385},
  Volume                   = {48},
  Year                     = {2010},
  Arxiv                    = {1207.2959v1},
  Number                   = {1},
  Abstract                 = {Images obtained with coherent illumination, as is the case of sonar, ultrasound-B, laser and Synthetic Aperture Radar -- SAR, are affected by speckle noise which reduces the ability to extract information from the data. Specialized techniques are required to deal with such imagery, which has been modeled by the G0 distribution and under which regions with different degrees of roughness and mean brightness can be characterized by two parameters; a third parameter, the number of looks, is related to the overall signal-to-noise ratio. Assessing distances between samples is an important step in image analysis; they provide grounds of the separability and, therefore, of the performance of classification procedures. This work derives and compares eight stochastic distances and assesses the performance of hypothesis tests that employ them and maximum likelihood estimation. We conclude that tests based on the triangular distance have the closest empirical size to the theoretical one, while those based on the arithmetic-geometric distances have the best power. Since the power of tests based on the triangular distance is close to optimum, we conclude that the safest choice is using this distance for hypothesis testing, even when compared with classical distances as Kullback-Leibler and Bhattacharyya.},
  Doi                      = {10.1109/TGRS.2009.2025498},
  Keywords                 = {Contrast measures, image analysis, information theory, multiplicative model, speckle noise, synthetic aperture radar (SAR) imagery.}
}

@Article{ParametricNonparametricTestsSpeckledImagery,
  Title                    = {Parametric and Nonparametric Tests for Speckled Imagery},
  Author                   = {Cintra, R. J. and Frery, A. C. and Nascimento, A. D. C.},
  Journal                  = {Pattern Analysis and Applications},
  Pages                    = {141--161},
  Volume                   = {16},
  Year                     = {2013},

  Arxiv                    = {1207.2378v1},
  Number                   = {2},

  Abstract                 = {Synthetic aperture radar (SAR) has a pivotal role as a remote imaging method. Obtained by means of coherent illumination, SAR images are contaminated with speckle noise. The statistical modeling of such contamination is well described according with the multiplicative model and its implied G0 distribution. The understanding of SAR imagery and scene element identification is an important objective in the field. In particular, reliable image contrast tools are sought. Aiming the proposition of new tools for evaluating SAR image contrast, we investigated new methods based on stochastic divergence. We propose several divergence measures specifically tailored for G0 distributed data. We also introduce a nonparametric approach based on the Kolmogorov-Smirnov distance for G0 data. We devised and assessed tests based on such measures, and their performances were quantified according to their test sizes and powers. Using Monte Carlo simulation, we present a robustness analysis of test statistics and of maximum likelihood estimators for several degrees of innovative contamination. It was identified that the proposed tests based on triangular and arithmetic-geometric measures outperformed the Kolmogorov-Smirnov methodology.},
  Doi                      = {10.1007/s10044-011-0249-3},
}

@Article{AnalyticExpressionsStochasticDistancesBetweenRelaxedComplexWishartDistributions,
  Title                    = {Analytic Expressions for Stochastic Distances Between Relaxed Complex {W}ishart Distributions},
  Author                   = {A. C. Frery and A. D. C. Nascimento and R. J. Cintra},
  Journal                  = {IEEE Transactions on Geoscience and Remote Sensing},
  Pages                    = {1213--1226},
  Volume                   = {52},
  Year                     = {2014},
  Arxiv                    = {1304.5417},
  Number                   = {2},
  Abstract                 = {The scaled complex Wishart distribution is a widely used model for multilook full polarimetric synthetic aperture radar data whose adequacy is attested in this paper. Classification, segmentation, and image analysis techniques that depend on this model are devised, and many of them employ some type of dissimilarity measure. In this paper, we derive analytic expressions for four stochastic distances between relaxed scaled complex Wishart distributions in their most general form and in important particular cases. Using these distances, inequalities are obtained that lead to new ways of deriving the Bartlett and revised Wishart distances. The expressiveness of the four analytic distances is assessed with respect to the variation of parameters. Such distances are then used for deriving new tests statistics, which are proved to have asymptotic chi-square distribution. Adopting the test size as a comparison criterion, a sensitivity study is performed by means of Monte Carlo experiments suggesting that the Bhattacharyya statistic outperforms all the others. The power of the tests is also assessed. Applications to actual data illustrate the discrimination and homogeneity identification capabilities of these distances.},
  Doi                      = {10.1109/TGRS.2013.2248737},
}

@Article{EntropyBasedStatisticalAnalysisPolSAR,
  Title                    = {Entropy-based Statistical Analysis of {PolSAR} Data},
  Author                   = {A. C. Frery and R. J. Cintra and Nascimento, A. D. C.},
  Journal                  = {IEEE Transactions on Geoscience and Remote Sensing},
  Pages                    = {3733--3743},
  Volume                   = {51},
  Year                     = {2013},
  Arxiv                    = {1210.4154},
  Number                   = {6},
  Doi                      = {10.1109/TGRS.2012.2222029},
}

@Article{EdgeDetectionDistancesEntropiesJSTARS,
  Title                    = {Comparing Edge Detection Methods Based on Stochastic Entropies and Distances for {PolSAR} Imagery},
  Author                   = {Nascimento, A. D. C. and Horta, M. M. and Frery, A. C. and Cintra, R. J.},
  Journal                  = {IEEE Journal of Selected Topics in Applied Earth Observations and Remote Sensing},
  Pages                    = {648--663},
  Volume                   = {7},
  Year                     = {2014},
  Month                    = {Feb.},
  Number                   = {2},
}

@Article{TorresPolarimetricFilterPatternRecognition,
  Title                    = {Speckle Reduction in Polarimetric {SAR} Imagery with Stochastic Distances and Nonlocal Means},
  Author                   = {L. Torres and S. J. S. Sant'Anna and C. C. Freitas and A. C. Frery},
  Journal                  = {Pattern Recognition},
  Pages                    = {141--157},
  Volume                   = {47},
  Year                     = {2014},

  Abstract                 = {This paper presents a technique for reducing speckle in Polarimetric Synthetic Aperture Radar (PolSAR) imagery using Nonlocal Means and a statistical test based on stochastic divergences. The main objective is to select homogeneous pixels in the filtering area through statistical tests between distributions. This proposal uses the complex Wishart model to describe PolSAR data, but the technique can be extended to other models. The weights of the location-variant linear filter are function of the $p$-values of tests which verify the hypothesis that two samples come from the same distribution and, therefore, can be used to compute a local mean. The test stems from the family of ($h$-$\phi$) divergences which originated in Information Theory. This novel technique was compared with the Boxcar, Refined Lee and IDAN filters. Image quality assessment methods on simulated and real data are employed to validate the performance of this approach. We show that the proposed filter also enhances the polarimetric entropy and preserves the scattering information of the targets.},
  Doi                      = {10.1016/j.patcog.2013.04.001},
}

@Article{ClassificationPolSARSegmentsMinimizationWishartDistances,
  Title                    = {Classification of Segments in {PolSAR} Imagery by Minimum Stochastic Distances Between {W}ishart Distributions},
  Author                   = {W. B. Silva and C. C. Freitas and S. J. S. Sant'Anna and A. C. Frery},
  Journal                  = {IEEE Journal of Selected Topics in Applied Earth Observations and Remote Sensing},
  Pages                    = {1263--1273},
  Volume                   = {6},
  Year                     = {2013},

  Arxiv                    = {1303.2108},
  Number                   = {3},

  Abstract                 = {A new classifier for Polarimetric SAR (PolSAR) images is proposed and assessed in this paper. Its input consists of segments, and each one is assigned the class which minimizes a stochastic distance. Assuming the complex Wishart model, several stochastic distances are obtained from the $\hphi$ family of divergences, and they are employed to derive hypothesis test statistics that are also used in the classification process. This article also presents, as a novelty, analytic expressions for the test statistics based on the following stochastic distances between complex Wishart models: Kullback-Leibler, Bhattacharyya, Hellinger, Rényi, and Chi-Square; also, the test statistic based on the Bhattacharyya distance between multivariate Gaussian distributions is presented. The classifier performance is evaluated using simulated and real PolSAR data. The simulated data are based on the complex Wishart model, aiming at the analysis of the proposal well controlled data. The real data refer to the complex L-band image, acquired during the 1994 SIR-C mission. The results of the proposed classifier are compared with those obtained by a Wishart per-pixel/contextual classifier, and we show the better performance of the region-based classification. The influence of the statistical modeling is assessed by comparing the results using the Bhattacharyya distance between multivariate Gaussian distributions for amplitude data. The results with simulated data indicate that the proposed classification method has a very good performance when the data follow the Wishart model. The proposed classifier also performs better than the per-pixel/contextual classifier and the Bhattacharyya Gaussian distance using SIR-C PolSAR data.},
  Doi                      = {10.1109/JSTARS.2013.2248132},
  Keywords                 = {Region-Based Classification, Stochastic Distances, Hypothesis Tests, Polarimetry, Wishart distribution},
}

@Article{Salicru1994,
  Title                    = {On the application of divergence type measures in testing statistical hypothesis},
  Author                   = {M. Salicr\'u and D. Morales and M. L. Men\'endez},
  Journal                  = {Journal of Multivariate Analysis},
  Pages                    = {372--391},
  Volume                   = {51},
  Year                     = {1994},
}
@ARTICLE{Xu05,
author={Feng Xu and Ya-Qiu Jin},
journal={Geoscience and Remote Sensing, IEEE Transactions on},
title={Deorientation theory of polarimetric scattering targets and application to terrain surface classification},
year={2005},
month={Oct},
volume={43},
number={10},
pages={2351-2364},
keywords={image classification;radar polarimetry;remote sensing by radar;synthetic aperture radar;terrain mapping;AirSAR;Boreal district;Canada;China;Guangdong Hui-Yang district;deorientation theory;entropy;polarimetric scattering;synthetic aperture radar;target orientation;target scattering;terrain surface classification;unsupervised classification;Entropy;Numerical simulation;Optical scattering;Optical surface waves;Particle scattering;Polarimetric synthetic aperture radar;Radar scattering;Remote sensing;Scattering parameters;Synthetic aperture radar;Deorientation;polarimetric synthetic aperture radar (SAR);unsupervised classification},
doi={10.1109/TGRS.2005.855064},
ISSN={0196-2892},}
@ARTICLE{Arii11,
author={Arii, M. and van Zyl, J.J. and Yunjin Kim},
journal={Geoscience and Remote Sensing, IEEE Transactions on},
title={Adaptive Model-Based Decomposition of Polarimetric SAR Covariance Matrices},
year={2011},
month={March},
volume={49},
number={3},
pages={1104-1113},
keywords={airborne radar;covariance matrices;eigenvalues and eigenfunctions;geophysical image processing;geophysical techniques;radar polarimetry;synthetic aperture radar;vegetation;C-band;Jet Propulsion Laboratory Airborne Synthetic Aperture Radar data;L-band;National Aeronautics and Space Administration;P-band;adaptive model-based decomposition technique;adaptive nonnegative eigenvalue decomposition;covariance matrix;mean orientation angle maps;polarimetric SAR covariance matrices;radar polarimetry;scattering reflection symmetry;vegetation;volume scattering component;Adaptation model;Artificial neural networks;Covariance matrix;L-band;Scattering;Vegetation mapping;Adaptive nonnegative eigenvalue decomposition (NNED);model-based decomposition;radar polarimetry},
doi={10.1109/TGRS.2010.2076285},
ISSN={0196-2892},}
@ARTICLE{Chen14,
author={Si-Wei Chen and Xue-song Wang and Shun-ping Xiao and Sato, M.},
journal={Geoscience and Remote Sensing, IEEE Transactions on},
title={General Polarimetric Model-Based Decomposition for Coherency Matrix},
year={2014},
month={March},
volume={52},
number={3},
pages={1843-1855},
keywords={geophysical techniques;polarisation;radar polarimetry;scattering;spaceborne radar;synthetic aperture radar;PolSAR data interpretation;airborne X-band Pi-SAR PolSAR data sets;approach advantages;approach performance;branch conditions;built-up patches;coherency matrix elements;coherency matrix rotation;cross-polarization term;cross-polarization term minimization;double-bounce scattering component;double-bounce scattering model;general decomposition framework;general polarimetric model-based decomposition;improved decomposition performance;independent orientation angles;large orientation angles;manual intervention;model inversion;model parameters;negative power issues;nonlinear least square optimization technique;odd-bounce scattering component;odd-bounce scattering model;off-diagonal term;orientation angle compensation;oriented built-up areas;polarimetric synthetic aperture radar data;residual minimization criterion;scattering mechanism ambiguity;spaceborne L-band ALOS-PALSAR;volume scattering contribution cure overestimation;zero cross-polarization power;zero orientation angle;Deorientation;general model;model-based decomposition;polarimetry;polarization orientation angle;synthetic aperture radar (SAR)},
doi={10.1109/TGRS.2013.2255615},
ISSN={0196-2892},}
@ARTICLE{Cameron96,
author={Cameron, W.L. and Youssef, N.N. and Leung, L.K.},
journal={Geoscience and Remote Sensing, IEEE Transactions on},
title={Simulated polarimetric signatures of primitive geometrical shapes},
year={1996},
month={May},
volume={34},
number={3},
pages={793-803},
keywords={S-matrix theory;geophysical techniques;radar cross-sections;radar polarimetry;radar theory;remote sensing by radar;EM scattering;S-matrix;backscatter;backscattering;dihedral;edge;geophysical measurment technique;high-frequency electromagnetic scattering method;land surface;polarimetric signature;polarization scattering matrix decomposition;primitive geometrical shape;radar polarimetry;radar remote sensing;radar scattering;radar theory;scattering matrix;terrain mapping;Electromagnetic scattering;Light scattering;Matrix decomposition;Polarization;Radar scattering;Scattering parameters;Shape;Solid modeling;Statistics;Symmetric matrices},
doi={10.1109/36.499784},
ISSN={0196-2892},}

@ARTICLE{Shi95wetness, 
author={Shi, J. and Dozier, J.}, 
journal={Geoscience and Remote Sensing, IEEE Transactions on}, 
title={Inferring snow wetness using C-band data from SIR-C's polarimetric synthetic aperture radar}, 
year={1995}, 
month={Jul}, 
volume={33}, 
number={4}, 
pages={905-914}, 
keywords={hydrological techniques;moisture measurement;radar applications;radar polarimetry;remote sensing;remote sensing by radar;snow;synthetic aperture radar;C-band;SAR method;SHF microwave;SIR;SIR-C;X-SAR;copolarization signal;hydrology;liquid water content;measurement technique;model;polarization;radar polarimetry;radar remote sensing;scattering mechanism;snow pack;snow wetness water content;snowcover;spaceborne radar;surface roughness;synthetic aperture radar;wet snow cover;Casting;Hydrologic measurements;Hydrology;Ice;Polarimetric synthetic aperture radar;Radar scattering;Rough surfaces;Snow;Space shuttles;Surface roughness}, 
doi={10.1109/36.406676}, 
ISSN={0196-2892},}

@INPROCEEDINGS{5651235, 
author={Singh, G. and Venkataraman, G.}, 
booktitle={Geoscience and Remote Sensing Symposium (IGARSS), 2010 IEEE International}, 
title={Snow wetness retrieval inversion modeling for C-band and X-band multi-polarization SAR data}, 
year={2010}, 
month={July}, 
pages={4664-4667}, 
keywords={geophysical techniques;radar polarimetry;snow;synthetic aperture radar;C-band multipolarization SAR data;Dhundi observatory;Himachal Pradesh;Indian Himalayan region;SAR data processing;X-band multipolarization SAR data;backscattering model;dielectric moisture meter;inversion algorithm;multipolarization SAR data;scattering mechanism;snow parameters;snow wetness retrieval inversion modeling;synchronous satellite;wet snow conditions;Backscatter;Correlation;Data models;Digital TV;Distance measurement;Mathematical model;Snow}, 
doi={10.1109/IGARSS.2010.5651235}, 
ISSN={2153-6996},}

@INPROCEEDINGS{6723507, 
author={Surendar, M. and Singh, G. and Bhattacharya, A. and Venkataraman, G. and Bharathi, P.A.}, 
booktitle={Geoscience and Remote Sensing Symposium (IGARSS), 2013 IEEE International}, 
title={Snow wetness estimation based on Pol-SAR decomposition technique}, 
year={2013}, 
month={July}, 
pages={3199-3202}, 
keywords={remote sensing by radar;snow;synthetic aperture radar;Cloude volume scattering component;Dozier inversion model;Freeman surface scattering component;Himalayan regions;India;POL-SAR decomposition technique;Shi inversion model;coherency matrix;polarimetric phase parameters;snow avalanche forecasting;snow melt run off modeling;snow wetness estimation;synthetic aperture radar;volume scattering model;Estimation;Mathematical model;Remote sensing;Scattering;Snow;Solid modeling;Synthetic aperture radar;Decomposition;Pol-SAR;Snow Wetness}, 
doi={10.1109/IGARSS.2013.6723507}, 
ISSN={2153-6996},}

@book{allain2003,
  title={Caract{\'e}risation d'un sol nu {\`a} partir de donn{\'e}es SAR polarim{\'e}triques. Etude multi-fr{\'e}quentielle et multi-r{\'e}solutions},
  author={Allain, S.},
  url={http://books.google.co.in/books?id=qa9TOgAACAAJ},
  year={2003}
}

@inproceedings{denoth1995electron,
  title={An electron device for long-term snow wetness recording},
  author={Denoth, A},
  booktitle={International Journal of Rock Mechanics and Mining Sciences and Geomechanics Abstracts},
  volume={32(3)},
  pages={144A--145A},
  year={1995},
  organization={Elsevier Science}
}

@phdthesis{jagdhuber2012soil,
  title={Soil parameter retrieval under vegetation cover using SAR polarimetry},
  author={Jagdhuber, Thomas},
  year={2012},
  school={Universit{\"a}tsbibliothek}
}

@book{cloude2009polarisation,
  title={Polarisation: Applications in Remote Sensing},
  author={Cloude, S.},
  isbn={9780191580383},
  url={http://books.google.co.in/books?id=c67UPCcbfHUC},
  year={2009},
  publisher={OUP Oxford}
}

@INPROCEEDINGS{Besic13,
author={Besic, N. and Vasile, G. and Chanussot, J. and Stankovic, S. and Boldo, D. and d'Urso, G.},
booktitle={Geoscience and Remote Sensing Symposium (IGARSS), 2013 IEEE International},
title={Wet snow backscattering sensitivity on density change for SWE estimation},
year={2013},
month={July},
pages={1174-1177},
keywords={hydrological techniques;remote sensing by radar;snow;synthetic aperture radar;French Alps;SAR sensor parameters;SWE estimation;backscattering model;density change;dielectric contrast;dry snow analysis;volumetric liquid water content;wet snow backscattering coefficient;wet snow backscattering sensitivity;Backscatter;Dielectric constant;Estimation;Ice;Remote sensing;Sensitivity;Snow;SAR;SWE;backscattering;density;wet snow},
doi={10.1109/IGARSS.2013.6721375},
ISSN={2153-6996},}

@book{ablitt2000characterisation,
  title={Characterisation of Particles and Their Scattering Effects on Polarized Light},
  author={Ablitt, B.P.},
  url={http://books.google.co.in/books?id=s-rwtgAACAAJ},
  year={2000},
  publisher={University of Nottingham}
}
@ARTICLE{Hallikainen86,
author={Hallikainen, M.T. and Ulaby, F. and Abdelrazik, M.},
journal={Antennas and Propagation, IEEE Transactions on},
title={Dielectric properties of snow in the 3 to 37 {GHz} range},
year={1986},
month={Nov},
volume={34},
number={11},
pages={1329-1340},
keywords={Dielectric measurements;Density measurement;Dielectric measurements;Frequency;Predictive models;Scattering;Shape measurement;Size measurement;Snow;Temperature distribution;Volume measurement},
doi={10.1109/TAP.1986.1143757},
ISSN={0018-926X},}
@INPROCEEDINGS{Shi93,
author={Jiancheng Shi and Dozier, J. and Rott, H.},
booktitle={Geoscience and Remote Sensing Symposium, 1993. IGARSS '93. Better Understanding of Earth Environment., International},
title={Deriving snow liquid water content using {C}-band polarimetric {SAR}},
year={1993},
month={Aug},
pages={1038-1041 vol.3},
keywords={backscatter;hydrological techniques;polarimetry;radar cross-sections;remote sensing by radar;snow;synthetic aperture radar;3.9 to 6.2 GHz;C-band;JPL AIRSAR;SAR;SHF microwave;algorithm;hydrology;measurement technique;polarimetry;quantitative estimate;radar remote sensing;snow cover;snow liquid water content;snowpack properties;spatial variability;volume scattering;wet snow;wetness;Hydrologic measurements;Hydrology;Image retrieval;Particle measurements;Polarimetric synthetic aperture radar;Predictive models;Radar scattering;Snow;Synthetic aperture radar;Testing},
doi={10.1109/IGARSS.1993.322643},}
@ARTICLE{Strozzi98,
author={Strozzi, T. and Matzler, C.},
journal={Geoscience and Remote Sensing, IEEE Transactions on},
title={Backscattering measurements of alpine snowcovers at 5.3 and 35 {GHz}},
year={1998},
month={May},
volume={36},
number={3},
pages={838-848},
keywords={backscatter;hydrological techniques;radar cross-sections;radar polarimetry;remote sensing by radar;snow;35 GHz;5.3 GHz;AD 1993;AD 1994;AD 1995;AD 1996;Austria;Austrian Alp;C-band;EHF;Ka-band;SHF;Switzerland;hydrology;measurement technique;network-analyzer based scatterometer;radar backscatter;radar polarimetry;radar remote sensing;radar scattering;refrozen crust thickness;snow cover;snowcover;volumetric liquid water content;Backscatter;Frequency;Instruments;Millimeter wave measurements;Performance evaluation;Physics;Polarization;Radar measurements;Snow;Testing},
doi={10.1109/36.673677},
ISSN={0196-2892},}
@ARTICLE{Shi95,
author={Jiancheng Shi and Dozier, J.},
journal={Geoscience and Remote Sensing, IEEE Transactions on},
title={Inferring snow wetness using {C-band} data from {SIR-C}'s polarimetric synthetic aperture radar},
year={1995},
month={Jul},
volume={33},
number={4},
pages={905-914},
keywords={hydrological techniques;moisture measurement;radar applications;radar polarimetry;remote sensing;remote sensing by radar;snow;synthetic aperture radar;C-band;SAR method;SHF microwave;SIR;SIR-C;X-SAR;copolarization signal;hydrology;liquid water content;measurement technique;model;polarization;radar polarimetry;radar remote sensing;scattering mechanism;snow pack;snow wetness water content;snowcover;spaceborne radar;surface roughness;synthetic aperture radar;wet snow cover;Casting;Hydrologic measurements;Hydrology;Ice;Polarimetric synthetic aperture radar;Radar scattering;Rough surfaces;Snow;Space shuttles;Surface roughness},
doi={10.1109/36.406676},
ISSN={0196-2892},}
@article{Shi2000,
  title={Estimation of snow water equivalence using {SIR-C/X-SAR}. {I}. Inferring snow density and subsurface properties},
  author={Shi, Jiancheng and Dozier, Jeff},
  journal={Geoscience and Remote Sensing, IEEE Transactions on},
  volume={38},
  number={6},
  pages={2465--2474},
  year={2000},
  publisher={IEEE}
}
@article{shi2000depth,
  title={Estimation of snow water equivalence using {SIR-C/X-SAR}. {II}. Inferring snow depth and particle size},
  author={Shi, Jiancheng and Dozier, Jeff},
  journal={Geoscience and Remote Sensing, IEEE Transactions on},
  volume={38},
  number={6},
  pages={2475--2488},
  year={2000},
  publisher={IEEE}
}
@ARTICLE{Arslan05,
author={Arslan, AN. and Hallikainen, M.T. and Pulliainen, J.T.},
journal={Geoscience and Remote Sensing, IEEE Transactions on},
title={Investigating of snow wetness parameter using a two-phase backscattering model},
year={2005},
month={Aug},
volume={43},
number={8},
pages={1827-1833},
keywords={atmospheric humidity;backscatter;remote sensing by radar;snow;1.2 GHz;17 GHz;35.6 GHz;8.6 GHz;backscattering coefficient;correlation function;correlation lengths;effective permittivity;nonsymmetrical inclusions;radar backscatter;snow liquid water content;snow wetness parameter;two-phase backscattering model;water inclusions;Anisotropic magnetoresistance;Backscatter;Fluctuations;Frequency;Particle scattering;Permittivity;Radar scattering;Shape;Snow;Space technology;Correlation functions;correlation lengths;effective permittivity;radar backscatter;wet snow},
doi={10.1109/TGRS.2005.849062},
ISSN={0196-2892},}
@techreport{stiles1980dielectric,
  title={Dielectric properties of snow},
  author={Stiles, WH and Ulaby, FT},
  year={1980},
  institution={DTIC Document}
}
@article{evan1965dielectric,
  title={Dielectric properties of ice and snow—A review},
  author={Evan, S},
  journal={Journal of Glaciology},
  volume={5},
  pages={773--792},
  year={1965}
}
@book{von1954dielectric,
  title={Dielectric materials and applications},
  author={Von Hippel, A.R.},
  isbn={9780890068052},
  lccn={94033549},
  series={Artech House microwave library},
  url={http://books.google.co.in/books?id=2ywbAQAAIAAJ},
  year={1954},
  publisher={Artech House}
}
@ARTICLE{Rott84,
author={Rott, H.},
journal={Oceanic Engineering, IEEE Journal of},
title={The analysis of backscattering properties from {SAR} data of mountain regions},
year={1984},
month={Dec},
volume={9},
number={5},
pages={347-355},
keywords={Electromagnetic (EM) scattering by rough surfaces;Ice;Synthetic-aperture radar;Terrain mapping;Backscatter;Data mining;Error correction;Geometry;Radar scattering;Rough surfaces;Snow;Spaceborne radar;Surface roughness;Synthetic aperture radar},
doi={10.1109/JOE.1984.1145655},
ISSN={0364-9059},}
@article{rott1987possibilities,
  title={Possibilities and limits of synthetic aperture radar for snow and glacier surveying},
  author={Rott, Helmut and M{\"a}tzler, C},
  journal={Annals of Glaciology},
  volume={9},
  pages={195--199},
  year={1987}
}
@TECHREPORT{Rott85,
  AUTHOR =        {Rott, H and Domik, G and Matzler, C and Miller, H },
  TITLE =         {Study on use and characteristics of {SAR} for land snow and ice applications},
  NUMBER =        {Mitteilungen I},
  INSTITUTION =   {Institut fur Meteorologie und Geophysik},
  ADDRESS =       {Universit{\"a}t Innsbruck},
  ABSTRACT =      {},
  KEYWORDS =      {},
  NOTE =          {},
  MONTH =         {},
  YEAR  =         {1985},
  AUTHOR1_URL =   {},
  AUTHOR1_EMAIL = {},
  PAGES =         {},
  FILE  =         {},
  URL   =         {},
  CONTACT =       {}
}
@article{bernier1987microwave,
  title={Microwave remote sensing of snowpack properties: potential and limitations},
  author={Bernier, PY and others},
  journal={Nordic Hydrology},
  volume={18},
  number={1},
  pages={1--20},
  year={1987}
}
@book{ulaby1986microwave,
  title={Microwave Remote Sensing: Active and Passive},
  author={Ulaby, F.T. and Moore, R.K. and Fung, A.K.},
  number={v. 3},
  isbn={9780890061923},
  lccn={81017643},
  series={Artech House microwave library},
  url={http://books.google.co.in/books?id=X9APAQAAIAAJ},
  year={1986},
  publisher={Addison-Wesley Publishing Company, Advanced Book Program/World Science Division}
}
@ARTICLE{Koskinen97,
author={Koskinen, J.T. and Pulliainen, J.T. and Hallikainen, M.T.},
journal={Geoscience and Remote Sensing, IEEE Transactions on},
title={The use of {ERS-1 SAR} data in snow melt monitoring},
year={1997},
month={May},
volume={35},
number={3},
pages={601-610},
keywords={hydrological techniques;radar imaging;remote sensing by radar;snow;spaceborne radar;synthetic aperture radar;AD 199;AD 1992;AD 1993;ERS-1;Finland;SAR;SAR image;Sodankyla;forest;hydrology;land surface;measurement technique;multitemporal image;radar imaging;radar remote sensing;snow cover;snow melt map;snow melt monitoring;snowcover;spaceborne radar;synthetic aperture radar;terrain mapping;wet snow;Backscatter;Floods;Microwave radiometry;Passive microwave remote sensing;Remote monitoring;Snow;Soil;Testing;Vegetation mapping;Weather forecasting},
doi={10.1109/36.581975},
ISSN={0196-2892},}
@ARTICLE{Nagler2000,
author={Nagler, T. and Rott, H.},
journal={Geoscience and Remote Sensing, IEEE Transactions on},
title={Retrieval of wet snow by means of multitemporal {SAR} data},
year={2000},
month={Mar},
volume={38},
number={2},
pages={754-765},
keywords={backscatter;geophysical signal processing;hydrological techniques;radar cross-sections;radar imaging;remote sensing by radar;snow;synthetic aperture radar;terrain mapping;Austria;Austrian Alps;algorithm;alpine surface;backscattering;coregistration;hydrology;image sequence;incidence angle;liquid water content;measurement technique;mountainous terrain;multitemporal SAR;radar remote sensing;repeat pass;seasonal change;snow cover;snowcover;snowpack;speckle reduction;surface roughness;synthetic aperture radar;terrain mapping;thresholding;wet snow;Backscatter;Change detection algorithms;Information retrieval;Rough surfaces;Snow;Surface roughness;Surface topography;Synthetic aperture radar;Terrain mapping;Testing},
doi={10.1109/36.842004},
ISSN={0196-2892},}
@article {Stiles1980,
author = {Stiles, William H. and Ulaby, Fawwaz T.},
title = {The active and passive microwave response to snow parameters: 1. Wetness},
journal = {Journal of Geophysical Research: Oceans},
volume = {85},
number = {C2},
issn = {2156-2202},
url = {http://dx.doi.org/10.1029/JC085iC02p01037},
doi = {10.1029/JC085iC02p01037},
pages = {1037--1044},
year = {1980},
}
@article{tiuri1984complex,
  title={The complex dielectric constant of snow at microwave frequencies},
  author={Tiuri, Martti E and Sihvola, Ari H and Nyfors, E and Hallikaiken, M},
  journal={Oceanic Engineering, IEEE Journal of},
  volume={9},
  number={5},
  pages={377--382},
  year={1984},
  publisher={IEEE}
}
@ARTICLE{Hallikainen87,
author={Hallikainen, M.T. and Ulaby, F.T. and Van Deventer, T.E.},
journal={Geoscience and Remote Sensing, IEEE Transactions on},
title={Extinction Behavior of Dry Snow in the 18-to 90-{GHz} Range},
year={1987},
month={Nov},
volume={GE-25},
number={6},
pages={737-745},
keywords={Extinction coefficients;Fluctuations;Grain size;Loss measurement;Propagation losses;Rough surfaces;Snow;Surface roughness;Temperature;Thickness measurement},
doi={10.1109/TGRS.1987.289743},
ISSN={0196-2892},}
@ARTICLE{Kendra98,
author={Kendra, J.R. and Sarabandi, K. and Ulaby, F.T.},
journal={Geoscience and Remote Sensing, IEEE Transactions on},
title={Radar measurements of snow: experiment and analysis},
year={1998},
month={May},
volume={36},
number={3},
pages={864-879},
keywords={hydrological techniques;radar cross-sections;radar polarimetry;remote sensing by radar;snow;synthetic aperture radar;C-band;SAR;SHF;X-band;hydrology;measurement technique;polarimetric inversion;radar backscatter;radar polarimetry;radar remote sensing;radar scattering;retrieval algorithm;snow cover;snow-covered ground surface;snowcover;synthetic aperture radar;Backscatter;Information retrieval;Millimeter wave radar;Predictive models;Radar measurements;Radar remote sensing;Radar scattering;Radar theory;Sensor phenomena and characterization;Snow},
doi={10.1109/36.673679},
ISSN={0196-2892},}
@INPROCEEDINGS{Koskinen2000,
author={Koskinen, J. and Pulliainen, Jouni and Hallikainen, M.},
booktitle={Geoscience and Remote Sensing Symposium, 2000. Proceedings. IGARSS 2000. IEEE 2000 International},
title={Effect of snow wetness to {C-band} backscatter-a modeling approach},
year={2000},
month={},
volume={4},
pages={1754-1756 vol.4},
keywords={backscatter;hydrological techniques;radar cross-sections;radar theory;remote sensing by radar;snow;synthetic aperture radar;terrain mapping;C-band;SAR;SHF;Sodankyla test site;backscatter;backscattering model;forest;hydrology;land surface;measurement technique;melting season;model;radar remote sensing;snow cover;snow extent;snow wetness;snowcover;snowpack;spatial extent;synthetic aperture radar;terrain mapping;wet snow;Atmosphere;Atmospheric modeling;Backscatter;Floods;Hydroelectric power generation;Meteorology;Radar measurements;Remote monitoring;Snow;Testing},
doi={10.1109/IGARSS.2000.857335},}
@INPROCEEDINGS{Ulaby95,
author={Ulaby, F.T. and Siqueira, P. and Nashashibi, A and Sarabandi, K.},
booktitle={Geoscience and Remote Sensing Symposium, 1995. IGARSS '95. 'Quantitative Remote Sensing for Science and Applications', International},
title={Semi-empirical model for radar backscatter from snow at 35 and 94 {GHz}},
year={1995},
month={Jul},
volume={2},
pages={1499-1501 vol.2},
keywords={backscatter;hydrological techniques;radar cross-sections;radar polarimetry;remote sensing by radar;snow;35 GHz;94 GHz;EHF;angular range;backscatter;hydrology;ice crystal size;incidence angle;liquid water content;measurement technique;microwave radar;millimetre;millimetric radar;numerical radiative transfer model;polarization;radar backscatter;radar polarimetry;radar remote sensing;radar scattering;semi-empirical model;snow cover;snow depth;Atmospheric modeling;Backscatter;Electromagnetic scattering;Frequency;Ice;Laboratories;Numerical models;Polarization;Radar measurements;Radar scattering;Size measurement;Snow},
doi={10.1109/IGARSS.1995.521791},}
@ARTICLE{Fung92,
author={Fung, AK. and Li, Z. and Chen, K.S.},
journal={Geoscience and Remote Sensing, IEEE Transactions on},
title={Backscattering from a randomly rough dielectric surface},
year={1992},
month={Mar},
volume={30},
number={2},
pages={356-369},
keywords={backscatter;electromagnetic wave scattering;EM waves;backscattering model;dielectric constant;multiple scattering;randomly rough dielectric surface;reciprocity;roughness parameters;scattering coefficients;single scattering;small perturbation method;surface slope;Backscatter;Dielectrics;Electromagnetic scattering;Integral equations;Magnetic fields;Perturbation methods;Polarization;Rough surfaces;Scattering parameters;Surface roughness},
doi={10.1109/36.134085},
ISSN={0196-2892},}
@book{fung2010microwave,
  title={Microwave Scattering and Emission Models for Users},
  author={Fung, A.K. and Chen, K.S.},
  isbn={9781608070374},
  lccn={2010287059},
  series={Artech House remote sensing library},
  url={http://books.google.co.in/books?id=blMmAgAAQBAJ},
  year={2010},
  publisher={Artech House}
}
@book{fung1994microwave,
  title={Microwave Scattering and Emission Models and Their Applications},
  author={Fung, A.K.},
  isbn={9780890065235},
  lccn={94041694},
  series={Artech House remote sensing library},
  url={http://books.google.co.in/books?id=MHxtQgAACAAJ},
  year={1994},
  publisher={Artech House}
}
@inproceedings{shi1992radar,
  title={Radar backscattering response to wet snow},
  author={Shi, Jiancheng and Dozier, JEFF},
  booktitle={Geoscience and Remote Sensing Symposium, 1992. IGARSS'92. International},
  volume={2},
  pages={927--929},
  year={1992},
  organization={IEEE}
}
@article{Guneriussen2001b,
author = {Guneriussen, T. and Johnsen, H. and Lauknes, I.},
title = {Snow Cover Mapping Capabilities Using {RADARSAT} Standard Mode Data},
journal = {Canadian Journal of Remote Sensing},
volume = {27},
number = {2},
pages = {109-117},
year = {2001},
doi = {10.1080/07038992.2001.10854925},

URL = { 
        http://dx.doi.org/10.1080/07038992.2001.10854925
    
},
eprint = { 
        http://dx.doi.org/10.1080/07038992.2001.10854925
    
}

}
@article{Singh2010,
author = {Singh, Gulab and Venkataraman, G.},
title = {Snow permittivity retrieval inversion algorithm for estimating snow wetness},
journal = {Geocarto International},
volume = {25},
number = {3},
pages = {187-212},
year = {2010},
doi = {10.1080/10106040903486130},

URL = { 
        http://dx.doi.org/10.1080/10106040903486130
    
},
eprint = { 
        http://dx.doi.org/10.1080/10106040903486130
    
}

}
@inproceedings{niang2007new,
  title={New inversion method for snow density and snow liquid water content retrieval using {C-band} data from {ENVISAT/ASAR} alternating polarization in alpine environment},
  author={Niang, M and Dedieu, Jean-Pierre and Durand, Yves and M{\'e}rindol, L and Bernier, Monique and Dumont, M and others},
  booktitle={Proceedings of the 2007 ENVISAT Symposium},
  year={2007}
}
@INPROCEEDINGS{Jagdhuber2014,
author={Jagdhuber, Thomas and Hajnsek, Irena and Caputo, Maurizio and Papathanassiou, Konstantinos P.},
booktitle={EUSAR 2014; 10th European Conference on Synthetic Aperture Radar; Proceedings of},
title={Dual-Polarimetry for Soil Moisture Inversion at X-Band},
year={2014},
month={June},
pages={1-4},}
@article{denoth1989snow,
  title={Snow dielectric measurements},
  author={Denoth, A},
  journal={Advances in Space Research},
  volume={9},
  number={1},
  pages={233--243},
  year={1989},
  publisher={Elsevier}
}
@INPROCEEDINGS{Surendar13,
author={Surendar, M. and Singh, G. and Bhattacharya, A. and Venkataraman, G. and Bharathi, P.A.},
booktitle={Synthetic Aperture Radar (APSAR), 2013 Asia-Pacific Conference on},
title={Improved snow wetness estimation from fully polarimetric SAR image},
year={2013},
month={Sept},
pages={31-34},
keywords={hydrology;permittivity;radar imaging;radar polarimetry;remote sensing by radar;snow;synthetic aperture radar;Cloude volume scattering components;Freeman surface scattering;Himalayan region;India;Shi-Dozier inversion model;coherency matrix;cragged areas;field data;fully polarimetric SAR image;generalized spheroidal shape;improved snow wetness estimation approach;independent relative polarimetric phase parameters;polarimetric synthetic aperture radar data;satellite pass;snow avalanche;snow melt runoff modeling;snow particle structure;volume dielectric constant;volume scattering model;Dielectric constant;Estimation;Scattering;Shape;Snow;Solid modeling;Synthetic aperture radar},}
@INPROCEEDINGS{Surendar13a,
author={Surendar, M. and Singh, G. and Bhattacharya, A. and Venkataraman, G. and Bharathi, P.A.},
booktitle={Geoscience and Remote Sensing Symposium (IGARSS), 2013 IEEE International},
title={Snow wetness estimation based on Pol-SAR decomposition technique},
year={2013},
month={July},
pages={3199-3202},
keywords={remote sensing by radar;snow;synthetic aperture radar;Cloude volume scattering component;Dozier inversion model;Freeman surface scattering component;Himalayan regions;India;POL-SAR decomposition technique;Shi inversion model;coherency matrix;polarimetric phase parameters;snow avalanche forecasting;snow melt run off modeling;snow wetness estimation;synthetic aperture radar;volume scattering model;Estimation;Mathematical model;Remote sensing;Scattering;Snow;Solid modeling;Synthetic aperture radar;Decomposition;Pol-SAR;Snow Wetness},
doi={10.1109/IGARSS.2013.6723507},
ISSN={2153-6996},}
@InProceedings{Surendar13b,
  author = 	 {Surendar, M. and Singh, G. and Bhattacharya, A. and Venkataraman, G. and Bharathi, P.A.},
  title = 	 {Snow Wetness Estimation from Polarimetric SAR Image},
  booktitle = 	 {PIERS Proceedings, Stockholm, Sweden},
  pages = 	 {678--682},
  year = 	 {2013}
}
@ARTICLE{Lee2002,
author={Jong-Sen Lee and Schuler, D.L. and Ainsworth, T.L. and Krogager, Ernst and Kasilingam, D. and Boerner, W.-M.},
journal={Geoscience and Remote Sensing, IEEE Transactions on},
title={On the estimation of radar polarization orientation shifts induced by terrain slopes},
year={2002},
month={Jan},
volume={40},
number={1},
pages={30-41},
keywords={geophysical techniques;radar imaging;radar polarimetry;remote sensing by radar;synthetic aperture radar;terrain mapping;topography (Earth);L-band;SAR;circular polarization covariance matrix;circular polarization method;estimation algorithm;geophysical measurement technique;land surface topography;orientation angle;polarimetric imaging;radar polarimetry;radar polarization orientation shift;radar remote sensing;reflection symmetry;rugged terrain;synthetic aperture radar;terrain mapping;terrain slope;Acoustic noise;Algorithm design and analysis;Azimuth;Geophysical measurements;Goniometers;Parameter estimation;Polarization;Radar imaging;Radar polarimetry;Surfaces},
doi={10.1109/36.981347},
ISSN={0196-2892},}
@ARTICLE{sihvola1986snow,
author={Sihvola, A. and Tiuri, Martti}, 
journal={Geoscience and Remote Sensing, IEEE Transactions on}, 
title={Snow Fork for Field Determination of the Density and Wetness Profiles of a Snow Pack}, 
year={1986}, 
month={Sept}, 
volume={GE-24}, 
number={5}, 
pages={717-721}, 
keywords={Bridge circuits;Coaxial components;Density measurement;Dielectric constant;Dielectric measurements;Frequency;Instruments;Laboratories;Permittivity measurement;Snow}, 
doi={10.1109/TGRS.1986.289619}, 
ISSN={0196-2892},}
@TECHREPORT{FSI2011,
  AUTHOR =        {FSI},
  TITLE =         {Forest Cover},
  NUMBER =        {},
  INSTITUTION =   {Forest Survey of India (FSI)},
  ADDRESS =       {},
  ABSTRACT =      {},
  KEYWORDS =      {},
  NOTE =          {},
  MONTH =         {},
  YEAR  =         {2011},
  AUTHOR1_URL =   {},
  AUTHOR1_EMAIL = {},
  PAGES =         {},
  FILE  =         {},
  URL   =         {http://fsi.nic.in/cover_2011/chapter2.pdf},
  CONTACT =       {}
}

@PhdThesis{singh2013b,
  author =	 {Singh, Gulab},
  title =	 {Development of General Radar Polarimetry
Methods for Fully Polarimetric Synthetic
Aperture Radar Data Utilization to Monitor
the Earth},
  school =	 {Graduate School of Science and Technology, Niigata University},
  year =	 2013,
  month =	 {March},
  pdfurl =       {http://dspace.lib.niigata-u.ac.jp/dspace/bitstream/10191/24088/1/D_S_K_O43.pdf},
}

@ARTICLE{singh2014b, 
author={Singh, G. and Yamaguchi, Y. and Sang-Eun Park and Boerner, W.-M. and Yi Cui and Venkataraman, G.}, 
journal={Selected Topics in Applied Earth Observations and Remote Sensing, IEEE Journal of}, 
title={Categorization of the Glaciated Terrain of Indian Himalaya Using CP and FP Mode SAR}, 
year={2014}, 
month={March}, 
volume={7}, 
number={3}, 
pages={872-880}, 
keywords={glaciology;remote sensing by radar;synthetic aperture radar;terrain mapping;CP mode SAR;FP mode SAR;Indian Himalaya;SAR data;compact polarimetric techniques;decompositions classification scheme;eigenvalue-based constructed parameters;fully polarimetric POLSAR mode;glaciated terrain;glaciated terrain categorization;glaciated terrain parameter extraction;glacier areas;pseudopolarimetric reconstruction conditions;reconstruction pseudopolarimetry data;rugged Gangotri glaciated terrain;supervised classification scheme;synthetic aperture radar;Compact polarimetry (CP);Gangotri;Himalaya;SAR;dual polarimetry (DP);full polarimetry (FP);glacier;mono polarimetry (MP);remote sensing;snow}, 
doi={10.1109/JSTARS.2013.2266354}, 
ISSN={1939-1404},}

@article{singh2014a,
  title={Capability Assessment of Fully Polarimetric ALOS--PALSAR data for Discriminating Wet Snow from Other Scattering Types in Mountainous Regions},
  author={Singh, Gulab and Venkataraman, Gopalan and Yamaguchi, Yoshio and Park, Sang-Eun},
  journal={Geoscience and Remote Sensing, IEEE Transactions on},
  volume={52},
  number={2},
  pages={1177--1196},
  year={2014},
  publisher={IEEE}
}

@article{singh2013a,
  title={Hybrid Freeman/Eigenvalue decomposition method with extended volume scattering model},
  author={Singh, Gulab and Yamaguchi, Yoshio and Park, S-E and Cui, Yi and Kobayashi, Hirokazu},
  journal={Geoscience and Remote Sensing Letters, IEEE},
  volume={10},
  number={1},
  pages={81--85},
  year={2013},
  publisher={IEEE}
}

@article{singh2012a,
  title={Application of incoherent target decomposition theorems to classify snow cover over the Himalayan region},
  author={Singh, Gulab and Venkataraman, Gopalan},
  journal={International Journal of Remote Sensing},
  volume={33},
  number={13},
  pages={4161--4177},
  year={2012},
  publisher={Taylor \& Francis}
}

@article{singh2012b,
  title={Evaluation of modified four-component scattering power decomposition method over highly rugged glaciated terrain},
  author={Singh, Gulab and Yamaguchi, Y and Park, S-E and Avtar, Ram},
  journal={Geocarto International},
  volume={27},
  number={2},
  pages={139--151},
  year={2012},
  publisher={Taylor \& Francis}
}

@article{singh2011a,
  title={Utilization of four-component scattering power decomposition method for glaciated terrain classification},
  author={Singh, Gulab and Yamaguchi, Y and Park, S-E},
  journal={Geocarto International},
  volume={26},
  number={5},
  pages={377--389},
  year={2011},
  publisher={Taylor \& Francis}
}
@article {MET40,
author = {Mel{\o}ysund, Vivian and Leira, Bernt and H{\o}iseth, Karl V. and Lis{\o}, Kim Robert},
title = {Predicting snow density using meteorological data},
journal = {Meteorological Applications},
volume = {14},
number = {4},
publisher = {John Wiley & Sons, Ltd.},
issn = {1469-8080},
url = {http://dx.doi.org/10.1002/met.40},
doi = {10.1002/met.40},
pages = {413--423},
keywords = {buildings, density measurements, Norway, meteorological data, snow, snow loads, structural design},
year = {2007},
}
@article{stiles1980active,
  title={The active and passive microwave response to snow parameters: 1. Wetness},
  author={Stiles, William H and Ulaby, Fawwaz T},
  journal={Journal of Geophysical Research: Oceans (1978--2012)},
  volume={85},
  number={C2},
  pages={1037--1044},
  year={1980},
  publisher={Wiley Online Library}
}
@article{ulaby1980active,
  title={The active and passive microwave response to snow parameters: 2. Water equivalent of dry snow},
  author={Ulaby, Fawwaz T and Stiles, William H},
  journal={Journal of Geophysical Research: Oceans (1978--2012)},
  volume={85},
  number={C2},
  pages={1045--1049},
  year={1980},
  publisher={Wiley Online Library}
}
@article{ulaby1984snowcover,
  title={Snowcover influence on backscattering from terrain},
  author={Ulaby, FAWWAZ T and Stiles, W Herschel and Abdelrazik, Mohamed},
  journal={Geoscience and Remote Sensing, IEEE Transactions on},
  number={2},
  pages={126--133},
  year={1984},
  publisher={IEEE}
}
@article{rott1987possibilities,
  title={Possibilities and limits of synthetic aperture radar for snow and glacier surveying},
  author={Rott, Helmut and M{\"a}tzler, C},
  journal={Annals of Glaciology},
  volume={9},
  pages={195--199},
  year={1987}
}
@article{rott1988study,
  title={Study on {SAR} land applications for snow and glacier monitoring},
  author={Rott, H and M{\"a}tzler, C and Strobl, D and Bruzzi, S and Lenhart, KB},
  journal={ESA Contract No},
  volume={6618},
  year={1988}
}
@article{ulaby1990radar,
  title={Radar polarimetry for geoscience applications},
  author={Ulaby, Fawwaz T and Elachi, Charles},
  journal={Norwood, MA, Artech House, Inc., 1990, 376 p. No individual items are abstracted in this volume.},
  volume={1},
  year={1990}
}
@book{fung2010microwave,
  title={Microwave scattering and emission models for users},
  author={Fung, Adrian K and Chen, Kun-Shan},
  year={2010},
  publisher={Artech house}
}
@article{oh1992empirical,
  title={An empirical model and an inversion technique for radar scattering from bare soil surfaces},
  author={Oh, Yisok and Sarabandi, Kamal and Ulaby, Fawwaz T},
  journal={Geoscience and Remote Sensing, IEEE Transactions on},
  volume={30},
  number={2},
  pages={370--381},
  year={1992},
  publisher={IEEE}
}
@article{dubois1995measuring,
  title={Measuring soil moisture with imaging radars},
  author={Dubois, Pascale C and Van Zyl, Jakob and Engman, Ted},
  journal={Geoscience and Remote Sensing, IEEE Transactions on},
  volume={33},
  number={4},
  pages={915--926},
  year={1995},
  publisher={IEEE}
}
@article{shi1997estimation,
  title={Estimation of bare surface soil moisture and surface roughness parameter using L-band SAR image data},
  author={Shi, Jiancheng and Wang, James and Hsu, Ann Y and O'Neill, Peggy E and Engman, Edwin T},
  journal={Geoscience and Remote Sensing, IEEE Transactions on},
  volume={35},
  number={5},
  pages={1254--1266},
  year={1997},
  publisher={IEEE}
}
@article{robinson1993global,
  title={Global snow cover monitoring: An update},
  author={Robinson, David A and Dewey, Kenneth F and Heim Jr, Richard R},
  journal={Bulletin of the American Meteorological Society},
  volume={74},
  number={9},
  pages={1689--1696},
  year={1993}
}
@article{Singh2007_spie,
author = {Singh, Gulab and Venkataraman, G.},
title = {Snow wetness mapping using advanced synthetic aperture radar data},
journal = {Journal of Applied Remote Sensing},
volume = {1},
number = {1},
pages = {013521-013521-16},
abstract = {The main objective of the study is to estimate snow wetness using advanced synthetic aperture radar alternative polarization single look complex data. A software has been developed for backscattering coefficient image generation and advanced synthetic aperture radar, single look complex data have been processed for backscattering coefficient image generation for dual (HH and VV) polarization data. Incidence angle image was extracted from the advanced synthetic aperture radar header data using interpolation method. These mages were multi-looked 5 times in azimuth and 1 time in range direction. Multi-looked backscattering image was despeckled using Frost filter technique. Advanced synthetic aperture radar backscattering coefficient image has been calibrated and processed into terrain corrected image in Universal Transverse Mercator (UTM), zone 43 north and WGS-84 datum map projection using ERDAS imagine software. In this study, we have used an integral equation method based inversion model for snow wetness estimation. The combined correlation coefficient between measured and estimated snow wetness was observed to be 0.89 at 95% confidence interval at Dhundi observatory and individual correlation coefficient between both measurements  were observed as 0.78, 0.68,0.6 and 0.66 for 24th Feb., 27th Feb., 4th March, and 7th March, 2006  respectively at 95% confidence interval and average absolute error 2.52%. The snow wetness range varies from 0-15% by volume.},
year = {2007},
isbn = {1931-3195},
doi = {10.1117/1.2768622},
URL = { http://dx.doi.org/10.1117/1.2768622},
eprint = {}
}
@article{singh2010snow,
  title={Snow permittivity retrieval inversion algorithm for estimating snow wetness},
  author={Singh, Gulab and Venkataraman, G},
  journal={Geocarto International},
  volume={25},
  number={3},
  pages={187--212},
  year={2010},
  publisher={Taylor \& Francis}
}
@inproceedings{surendar2013improved,
  title={Improved snow wetness estimation from fully polarimetric SAR image},
  author={Surendar, M and Singh, G and Bhattacharya, A and Venkataraman, G and Bharathi, PA},
  booktitle={Synthetic Aperture Radar (APSAR), 2013 Asia-Pacific Conference on},
  pages={31--34},
  year={2013},
  organization={IEEE}
}
@inproceedings{bhattacharya2014snow,
  title={Snow wetness estimation from dual polarimetric coherent TerraSAR-X data},
  author={Bhattacharya, A and Surendar, M and De, S and Venkataraman, G and Singh, G},
  booktitle={Geoscience and Remote Sensing Symposium (IGARSS), 2014 IEEE International},
  pages={2766--2769},
  year={2014},
  organization={IEEE}
}
@article{tiuri1984complex,
  title={The complex dielectric constant of snow at microwave frequencies},
  author={Tiuri, Martti E and Sihvola, Ari H and Nyfors, E and Hallikaiken, M},
  journal={Oceanic Engineering, IEEE Journal of},
  volume={9},
  number={5},
  pages={377--382},
  year={1984},
  publisher={IEEE}
}

@ARTICLE{besic2015stochastic, 
author={Besic, N. and Vasile, G. and Dedieu, J.-P. and Chanussot, J. and Stankovic, S.}, 
journal={Geoscience and Remote Sensing Letters, IEEE}, 
title={Stochastic Approach in Wet Snow Detection Using Multitemporal {SAR} Data}, 
year={2015}, 
month={Feb}, 
volume={12}, 
number={2}, 
pages={244-248}, 
keywords={hydrological techniques;remote sensing by radar;snow;synthetic aperture radar;C-band;French Alps;X-band SAR images;accumulation season;augmented electromagnetic absorption;ground air temperature map;local incidence angle;local intensity statistics;melting season;multitemporal SAR data;scatterometer measurements;snow backscattering simulations;snow probability map;spring season;stochastic approach;stochastic process;synthetic aperture radar;wet snow detection;wet-dry snow backscattering ratio;winter season;Backscatter;Ice;Land surface temperature;Remote sensing;Snow;Speckle;Synthetic aperture radar;Backscattering simulation;change detection;stochastic approach;wet snow}, 
doi={10.1109/LGRS.2014.2334355}, 
ISSN={1545-598X},}

@inproceedings{macelloni2014monitoring,
  title={Monitoring snow parameters in boreal forest using multi-frequency SAR data},
  author={Macelloni, Giovanni and Brogioni, Marco and Montomoli, Francesco and Paloscia, Simonetta and Lemmetyinen, Juha and Pulliainen, Jouni and Rott, Helmut},
  booktitle={General Assembly and Scientific Symposium (URSI GASS), 2014 XXXIth URSI},
  pages={1--3},
  year={2014},
  organization={IEEE}
}

@article{judson2000density,
  title={Density of freshly fallen snow in the central Rocky Mountains},
  author={Judson, Arthur and Doesken, Nolan},
  journal={Bulletin of the American Meteorological Society},
  volume={81},
  number={7},
  pages={1577--1587},
  year={2000}
}

@inproceedings{besic2012dry,
  title={Dry snow backscattering sensitivity on density change for {SWE} estimation},
  author={Besic, Nikola and Vasile, Gabriel and Chanussot, Jocelyn and Stankovic, Srdjan and Dedieu, J-P and d'Urso, Guy and Boldo, Didier and Ovarlez, J-P},
  booktitle={Geoscience and Remote Sensing Symposium (IGARSS), 2012 IEEE International},
  pages={4418--4421},
  year={2012},
  organization={IEEE}
}
@ARTICLE{Leinss2014, 
author={Leinss, S. and Parrella, G. and Hajnsek, I.}, 
journal={Selected Topics in Applied Earth Observations and Remote Sensing, IEEE Journal of}, 
title={Snow Height Determination by Polarimetric Phase Differences in X-Band SAR Data}, 
year={2014}, 
month={Sept}, 
volume={7}, 
number={9}, 
pages={3794-3810}, 
keywords={hydrological techniques;remote sensing by radar;snow;synthetic aperture radar;AD 2012 01;AD 2012 12 to 2013 04;CPD temporal evolution;Finland;HH polarization;Sodankylae city;TanDEM-X;TanDEM-X acquisitions;TerraSAR-X acquisitions;VV polarization;X-band SAR acquisitions;X-band SAR data;aligned elliptical particles;computer tomography observations;copolar phase difference;fresh snow depth;polarimetric phase difference;snow height determination;snow microstructure;subsequent recrystallization process;temperature-gradient-driven recrystallization process;weather station data;Backscatter;Scattering;Snow;Soil;Soil measurements;Synthetic aperture radar;Temperature measurement;Birefringence;TanDEM-X;TerraSAR-X;VV-HH phase difference;copolar phase difference;dry snow;fresh snow;polarimetry;snow anisotropy;snow microstructure;synthetic aperture radar}, 
doi={10.1109/JSTARS.2014.2323199}, 
ISSN={1939-1404},
}

@article{looyenga1965dielectric,
  title={Dielectric constants of heterogeneous mixtures},
  author={Looyenga, H},
  journal={Physica},
  volume={31},
  number={3},
  pages={401--406},
  year={1965},
  publisher={Elsevier}
}
@article{bormann2013spatial,
  title={Spatial and temporal variability in seasonal snow density},
  author={Bormann, Kathryn J and Westra, Seth and Evans, Jason P and McCabe, Matthew F},
  journal={Journal of Hydrology},
  volume={484},
  pages={63--73},
  year={2013},
  publisher={Elsevier}
}
@article{hirashima2009adjustment,
  title={An adjustment for kinetic growth metamorphism to improve shear strength parameterization in the SNOWPACK model},
  author={Hirashima, Hiroyuki and Abe, Osamu and Sato, Atsushi and Lehning, Michael},
  journal={Cold Regions Science and Technology},
  volume={59},
  number={2},
  pages={169--177},
  year={2009},
  publisher={Elsevier}
}
@article{brun1989investigation,
  title={Investigation on wet-snow metamorphism in respect of liquid-water content},
  author={Brun, E},
  journal={Ann. Glaciol},
  volume={13},
  pages={22--26},
  year={1989}
}
@article{rango1995revisiting,
  title={REVISITING THE DEGREE-DAY METHOD FOR SNOWMELT COMPUTATIONS1},
  author={Rango, A and Martinec, J},
  journal={JAWRA Journal of the American Water Resources Association},
  volume={31},
  number={4},
  pages={657--669},
  year={1995},
  publisher={Wiley Online Library}
}
@article{jonas2009estimating,
  title={Estimating the snow water equivalent from snow depth measurements in the Swiss Alps},
  author={Jonas, Tobias and Marty, Christoph and Magnusson, Jan},
  journal={Journal of Hydrology},
  volume={378},
  number={1},
  pages={161--167},
  year={2009},
  publisher={Elsevier}
}
@article{sturm2010estimating,
  title={Estimating snow water equivalent using snow depth data and climate classes},
  author={Sturm, Matthew and Taras, Brian and Liston, Glen E and Derksen, Chris and Jonas, Tobias and Lea, Jon},
  journal={Journal of Hydrometeorology},
  volume={11},
  number={6},
  pages={1380--1394},
  year={2010}
}
@book{sommerfeld1970classification,
  title={The classification of snow metamorphism},
  author={Sommerfeld, RA and LaChapelle, Edward R},
  year={1970},
  publisher={British Glaciological Society}
}
@article{colbeck1982overview,
  title={An overview of seasonal snow metamorphism},
  author={Colbeck, SC},
  journal={Reviews of Geophysics},
  volume={20},
  number={1},
  pages={45--61},
  year={1982},
  publisher={Wiley Online Library}
}
@article{brun1989energy,
  title={An energy and mass model of snow cover sidtable for operational avalanche forecasting},
  author={Brun, E and Martin, E and Simon, V and Gendre, C and Coleou, C},
  journal={Journal 0/Glaciology},
  volume={35},
  number={12},
  pages={1},
  year={1989}
}
@article{marshall1999snow,
  title={Snow densification during rain},
  author={Marshall, HP and Conway, H and Rasmussen, LA},
  journal={Cold Regions Science and Technology},
  volume={30},
  number={1},
  pages={35--41},
  year={1999},
  publisher={Elsevier}
}
@book{male1981handbook,
  title={Handbook of snow: principles, processes, management \& use},
  author={Male, David Harold},
  year={1981},
  publisher={Pergamon}
}
@article{tiuri1984complex,
  title={The complex dielectric constant of snow at microwave frequencies},
  author={Tiuri, Martti E and Sihvola, Ari H and Nyfors, E and Hallikaiken, M},
  journal={Oceanic Engineering, IEEE Journal of},
  volume={9},
  number={5},
  pages={377--382},
  year={1984},
  publisher={IEEE}
}
@article{koskinen1997use,
  title={The use of ERS-1 SAR data for snow melt detection},
  author={Koskinen, J and Hallikainen, M},
  journal={Physics and Chemistry of the Earth},
  volume={22},
  number={3},
  pages={285--289},
  year={1997},
  publisher={Elsevier}
}
@inproceedings{jagdhuber2013polarimetric,
	title={Polarimetric Soil Moisture Retrieval at Short Wavelength},
	author={Jagdhuber, Thomas and Hajnsek, Irena and Papathanassiou, Konstantinos P},
	booktitle={Proc. of PolInSAR Conference},
	pages={1--6},
	year={2013}
}