@book{lee2009polarimetric,
  title={Polarimetric Radar Imaging: From Basics to Applications},
  author={Lee, J.S. and Pottier, E.},
  isbn={9781420054989},
  lccn={2008051280},
  series={Optical Science and Engineering},
  url={http://books.google.co.in/books?id=1nAvp2HW\_gwC},
  year={2009},
  publisher={Taylor \& Francis}
}

@ARTICLE{lee11_5491157, 
author={Jong-Sen Lee and Ainsworth, T.L.}, 
journal={Geoscience and Remote Sensing, IEEE Transactions on}, 
title={The Effect of Orientation Angle Compensation on Coherency Matrix and Polarimetric Target Decompositions}, 
year={2011}, 
month={Jan}, 
volume={49}, 
number={1}, 
pages={53-64}, 
keywords={electromagnetic wave reflection;electromagnetic wave scattering;radar polarimetry;radar signal processing;target tracking;coherency matrix;double bounce power;orientation angle compensation;polarimetric radar signature;polarimetric target decomposition;polarization orientation angle;reflection symmetry;scattering media affect;surface scattering power;volume scattering power;Anisotropic magnetoresistance;Azimuth;Entropy;Frequency;Information analysis;Matrix decomposition;Polarization;Radar polarimetry;Radar scattering;Reflection;Polarimetric synthetic aperture radar (PolSAR);radar polarimetry;target decomposition}, 
doi={10.1109/TGRS.2010.2048333}, 
ISSN={0196-2892},}

@INPROCEEDINGS{de2014compactpolclassification, 
author={De, Shaunak and Kumar, Vineet and Rao, Y.S.}, 
booktitle={EUSAR 2014; 10th European Conference on Synthetic Aperture Radar; Proceedings of}, 
title={Crop Classification using RISAT-1 Hybrid Polarimetric SAR Data}, 
year={2014}, 
month={June}, 
pages={1-4},}

@article{kong1988identification,
  title={Identification of terrain cover using the optimum polarimetric classifier},
  author={Kong, JA and Swartz, AA and Yueh, HA and Novak, LM and Shin, RT},
  journal={Journal of Electromagnetic Waves and Applications},
  volume={2},
  number={2},
  pages={171--194},
  year={1988},
  publisher={Taylor \& Francis}
}
@inproceedings{pottier1991radar,
  title={On radar polarization target decomposition theorems with application to target classification, by using neural network method},
  author={Pottier, E and Saillard, J},
  booktitle={Antennas and Propagation, 1991. ICAP 91., Seventh International Conference on (IEE)},
  pages={265--268},
  year={1991},
  organization={IET}
}

@article{rignot1992segmentation,
  title={Segmentation of polarimetric synthetic aperture radar data},
  author={Rignot, Eric and Chellappa, Rama},
  journal={Image Processing, IEEE Transactions on},
  volume={1},
  number={3},
  pages={281--300},
  year={1992},
  publisher={IEEE}
}

@article{lee1994classification,
  title={Classification of multi-look polarimetric SAR imagery based on complex Wishart distribution},
  author={Lee, Jong-Sen and Grunes, Mitchell R and Kwok, R},
  journal={International Journal of Remote Sensing},
  volume={15},
  number={11},
  pages={2299--2311},
  year={1994},
  publisher={Taylor \& Francis}
}

@ARTICLE{yamaguchi2011_y4r, 
author={Yamaguchi, Y. and Sato, A. and Boerner, W.-M. and Sato, R. and Yamada, H.}, 
journal={Geoscience and Remote Sensing, IEEE Transactions on}, 
title={Four-Component Scattering Power Decomposition With Rotation of Coherency Matrix}, 
year={2011}, 
month={June}, 
volume={49}, 
number={6}, 
pages={2251-2258}, 
keywords={geophysical image processing;radar polarimetry;synthetic aperture radar;vegetation mapping;coherency matrix rotation;four-component decomposition yield;four-component scattering power decomposition;fully polarimetric SAR image;oriented urban area;polarimetric response analysis;polarimetric synthetic aperture radar image classification;vegetation signature;volume scattering mechanism;Lighting;Matrix decomposition;Radar imaging;Scattering;Urban areas;Vegetation mapping;Coherency matrix rotation;deorientation;polarimetric synthetic aperture radar (POLSAR);radar polarimetry;scattering power decomposition}, 
doi={10.1109/TGRS.2010.2099124}, 
ISSN={0196-2892},}

@inproceedings{turkar2013,
  title={Classification of polarimetric SAR data using Yamaguchiâ€™s polarization orientation
  compensation (POC) with decision tree classifier for urban area},
  author={Turkar, V and Rao, YS},
  booktitle={Environmental Health 2013
  Science and Policy to Protect Future Generations },
  pages={P3.61},
  year={2013},
  organization={Elsevier}
}
@ARTICLE{Yamaguchi2005_y40, 
author={Yamaguchi, Y. and Moriyama, T. and Ishido, M. and Yamada, H.}, 
journal={Geoscience and Remote Sensing, IEEE Transactions on}, 
title={Four-component scattering model for polarimetric SAR image decomposition}, 
year={2005}, 
month={Aug}, 
volume={43}, 
number={8}, 
pages={1699-1706}, 
keywords={covariance matrices;geophysical signal processing;probability;radar polarimetry;remote sensing by radar;synthetic aperture radar;asymmetric covariance matrix;cloud;co-pol correlation;cross-pol correlation;dipole scatterers;double bounce scattering;four-component scattering model;helix scattering power;image decomposition;nonreflection symmetric scattering;polarimetric SAR;probability density function;radar polarimetry;reflection symmetry condition;scattering contribution decomposition;surface scattering;symmetric covariance matrix;synthetic aperture radar;three-component decomposition method;urban area scattering;volume scattering;Backscatter;Clouds;Covariance matrix;Image decomposition;Polarimetric synthetic aperture radar;Probability density function;Radar scattering;Reflection;Synthetic aperture radar;Urban areas;Polarimetric synthetic aperture radar (POLSAR);radar polarimetry;scattering contribution decomposition;symmetric and asymmetric covariance matrix}, 
doi={10.1109/TGRS.2005.852084}, 
ISSN={0196-2892},}



@ARTICLE{Frery1997_g0dist, 
author={Frery, A.C. and Muller, H.-J. and Yanasse, C.C.F. and Sant'Anna, S.J.S.}, 
journal={Geoscience and Remote Sensing, IEEE Transactions on}, 
title={A model for extremely heterogeneous clutter}, 
year={1997}, 
month={May}, 
volume={35}, 
number={3}, 
pages={648-659}, 
keywords={backscatter;electromagnetic wave scattering;geophysical techniques;radar clutter;radar cross-sections;radar imaging;radar theory;remote sensing by radar;G distribution;amplitude data;extremely heterogeneous clutter;geophysical measurement technique;land surface;model;multilook intensity;multiplicative model;radar clutter;radar remote sensing;speckle;terrain mapping;urban area;Backscatter;Clutter;Filters;Gaussian distribution;Helium;Image analysis;Image processing;Noise reduction;Speckle;Urban areas}, 
doi={10.1109/36.581981}, 
ISSN={0196-2892},}